%====== Foundational observations for LCDM cosmological model
%----- Roukema -----
@article{Roukema:1993yra,
	author       = {Roukema, Boudewijn F. and Yoshii, Yuzuru},
	title        = {{The failure of simple merging models to save a flat,
	$\Omega_0 = 1$ universe}},
	journal      = {Astrophys. J.},
	volume       = {418},
	year         = {1993},
	pages        = {L1-L4},
	doi          = {10.1086/187101},
	slaccitation = {%%CITATION = ASJOA,418,L1;%%}
}
%------- SNe
@article{Perlmutter:1998np,
	author        = {Perlmutter, S. and others},
	title         = {{Measurements of Omega and Lambda from 42 high redshift
	supernovae}},
	collaboration = {Supernova Cosmology Project},
	journal       = {Astrophys. J.},
	volume        = {517},
	year          = {1999},
	pages         = {565-586},
	doi           = {10.1086/307221},
	eprint        = {astro-ph/9812133},
	archiveprefix = {arXiv},
	primaryclass  = {astro-ph},
	reportnumber  = {LBNL-41801, LBL-41801},
	slaccitation  = {%%CITATION = ASTRO-PH/9812133;%%}
}

@article{Riess:1998cb,
	author        = {Riess, Adam G. and others},
	title         = {{Observational evidence from supernovae for an
	accelerating universe and a cosmological constant}},
	collaboration = {Supernova Search Team},
	journal       = {Astron. J.},
	volume        = {116},
	year          = {1998},
	pages         = {1009-1038},
	doi           = {10.1086/300499},
	eprint        = {astro-ph/9805201},
	archiveprefix = {arXiv},
	primaryclass  = {astro-ph},
	slaccitation  = {%%CITATION = ASTRO-PH/9805201;%%}
}

%--- Hubble tension------
@article{Wong:2019kwg,
	author        = {Wong, Kenneth C. and others},
	title         = {{H0LiCOW XIII. A 2.4\% measurement of $H_{0}$ from lensed
	quasars: $5.3\sigma$ tension between early and
	late-Universe probes}},
	year          = {2019},
	eprint        = {1907.04869},
	archiveprefix = {arXiv},
	primaryclass  = {astro-ph.CO},
	slaccitation  = {%%CITATION = ARXIV:1907.04869;%%}
}
%---- H0 A Riess ------------
@article{Riess:2016jrr,
	author        = {{Riess}, A.~G. and {Macri}, L.~M. and {Hoffmann}, S.~L. and 
	{Scolnic}, D. and {Casertano}, S. and {Filippenko}, A.~V. and 
	{Tucker}, B.~E. and {Reid}, M.~J. and {Jones}, D.~O. and {Silverman}, J.~M. and 
	{Chornock}, R. and {Challis}, P. and {Yuan}, W. and {Brown}, P.~J. and 
	{Foley}, R.~J.},
	title         = {{A 2.4\% Determination of the Local Value of the Hubble Constant}},
	journal       = {\apj},
	archiveprefix = {arXiv},
	eprint        = {1604.01424},
	keywords      = {cosmological parameters, cosmology: observations, distance scale, galaxies: distances and redshifts},
	year          = 2016,
	month         = jul,
	volume        = 826,
	eid           = {56},
	pages         = {56},
	doi           = {10.3847/0004-637X/826/1/56},
	adsurl        = {http://adsabs.harvard.edu/abs/2016ApJ...826...56R},
	adsnote       = {Provided by the SAO/NASA Astrophysics Data System}
}

%---- Chani self citations -----
@article{Santos:2016sti,
	author        = {Santos, B. and Devi, N. Chandrachani and Alcaniz, J. S.},
	title         = {{Bayesian comparison of nonstandard cosmologies using
	type Ia supernovae and BAO data}},
	journal       = {Phys. Rev.},
	volume        = {D95},
	year          = {2017},
	number        = {12},
	pages         = {123514},
	doi           = {10.1103/PhysRevD.95.123514},
	eprint        = {1603.06563},
	archiveprefix = {arXiv},
	primaryclass  = {astro-ph.CO},
	slaccitation  = {%%CITATION = ARXIV:1603.06563;%%}
}

%---- Chani self citations -----
@article{Santos:2016sog,
	author        = {Santos, B. and Coley, A. A. and Devi, N. Chandrachani and
	Alcaniz, J. S.},
	title         = {{Testing averaged cosmology with type Ia supernovae and
	BAO data}},
	journal       = {JCAP},
	volume        = {1702},
	year          = {2017},
	number        = {02},
	pages         = {047},
	doi           = {10.1088/1475-7516/2017/02/047},
	eprint        = {1611.01885},
	archiveprefix = {arXiv},
	primaryclass  = {astro-ph.CO},
	slaccitation  = {%%CITATION = ARXIV:1611.01885;%%}
}

%---- Chani self citations -----
@article{Devi2019,
	author        = {N. Chandrachani Devi and Rodríguez-Puebla, Aldo and
	Valenzuela, O. and Avila-Reese, Vladimir and
	Hernández-Aguayo, César and Li, Baojiu},
	title         = {{The galaxy–halo connection in modified gravity
	cosmologies: environment dependence of galaxy luminosity
	function}},
	journal       = {Mon. Not. Roy. Astron. Soc.},
	volume        = {488},
	year          = {2019},
	number        = {1},
	pages         = {782-802},
	doi           = {10.1093/mnras/stz1664},
	eprint        = {1901.02121},
	archiveprefix = {arXiv},
	primaryclass  = {astro-ph.CO},
	slaccitation  = {%%CITATION = ARXIV:1901.02121;%%}
}


$------ SEoS Axel quintessence -----
@article{delaMacorra:2015aqf,
	author        = {de la Macorra, Axel},
	title         = {{Dark Energy Parametrization motivated by Scalar Field
	Dynamics}},
	journal       = {Class. Quant. Grav.},
	volume        = {33},
	year          = {2016},
	number        = {9},
	pages         = {095001},
	doi           = {10.1088/0264-9381/33/9/095001},
	eprint        = {1511.04439},
	archiveprefix = {arXiv},
	primaryclass  = {gr-qc},
	slaccitation  = {%%CITATION = ARXIV:1511.04439;%%}
}

%----- SEoS model --------
@article{Jaber:2017bpx,
	author        = {Jaber, Mariana and de la Macorra, Axel},
	title         = {{Probing a Steep EoS for Dark Energy with latest
	observations}},
	journal       = {Astropart. Phys.},
	volume        = {97},
	year          = {2018},
	pages         = {130-135},
	doi           = {10.1016/j.astropartphys.2017.11.007},
	eprint        = {1708.08529},
	archiveprefix = {arXiv},
	primaryclass  = {astro-ph.CO},
	slaccitation  = {%%CITATION = ARXIV:1708.08529;%%}
}

%----SEoS perturbations -----
@article{Jaber:2019opg,
	author        = {Jaber, Mariana and Almaraz, Erick and de la Macorra,
	Axel},
	title         = {{Imprint of a Steep Equation of State in the growth of
	structure}},
	year          = {2019},
	eprint        = {1906.09522},
	archiveprefix = {arXiv},
	primaryclass  = {astro-ph.CO},
	slaccitation  = {%%CITATION = ARXIV:1906.09522;%%}
}

% ----- DARK ENERGY -----

@article{Copeland:2006wr,
	author        = {Copeland, Edmund J. and Sami, M. and Tsujikawa, Shinji},
	title         = {{Dynamics of dark energy}},
	journal       = {Int. J. Mod. Phys.},
	volume        = {D15},
	year          = {2006},
	pages         = {1753-1936},
	doi           = {10.1142/S021827180600942X},
	eprint        = {hep-th/0603057},
	archiveprefix = {arXiv},
	primaryclass  = {hep-th},
	slaccitation  = {%%CITATION = HEP-TH/0603057;%%}
}
%---- DE parametric models ------------
% --- cpl ----
@article{Chevallier2001,
	author        = {{Chevallier}, Michel and {Polarski}, David},
	title         = {{Accelerating Universes with Scaling Dark Matter}},
	journal       = {International Journal of Modern Physics D},
	keywords      = {General Relativity and Quantum Cosmology, Astrophysics},
	year          = 2001,
	month         = Jan,
	volume        = {10},
	pages         = {213-223},
	doi           = {10.1142/S0218271801000822},
	archiveprefix = {arXiv},
	eprint        = {gr-qc/0009008},
	primaryclass  = {gr-qc},
	adsnote       = {Provided by the SAO/NASA Astrophysics Data System}
}
@article{Linder2003,
	title     = {Exploring the Expansion History of the Universe},
	author    = {Linder, Eric V.},
	journal   = {Phys. Rev. Lett.},
	volume    = {90},
	issue     = {9},
	pages     = {091301},
	numpages  = {4},
	year      = {2003},
	month     = {Mar},
	publisher = {American Physical Society},
	doi       = {10.1103/PhysRevLett.90.091301}
}
% --- others ----
@article{Chevallier:2000qy,
	author        = {Chevallier, Michel and Polarski, David},
	title         = {{Accelerating universes with scaling dark matter}},
	journal       = {Int. J. Mod. Phys.},
	volume        = {D10},
	year          = {2001},
	pages         = {213-224},
	doi           = {10.1142/S0218271801000822},
	eprint        = {gr-qc/0009008},
	archiveprefix = {arXiv},
	primaryclass  = {gr-qc},
	slaccitation  = {%%CITATION = GR-QC/0009008;%%}
}

@article{KraussJonesHuterer2007,
	author  = {Lawrence M Krauss and Katherine Jones-Smith and Dragan Huterer},
	title   = {Dark energy, a cosmological constant, and type Ia supernovae},
	journal = {New Journal of Physics},
	volume  = {9},
	number  = {5}, 
	pages   = {141},
	year    = {2007}
}

@article{Doran:2006kp,
	author        = {Doran, Michael and Robbers, Georg},
	title         = {{Early dark energy cosmologies}},
	journal       = {JCAP},
	volume        = {0606},
	year          = {2006},
	pages         = {026},
	doi           = {10.1088/1475-7516/2006/06/026},
	eprint        = {astro-ph/0601544},
	archiveprefix = {arXiv},
	primaryclass  = {astro-ph},
	reportnumber  = {HD-THEP-06-01},
	slaccitation  = {%%CITATION = ASTRO-PH/0601544;%%}
}

@article{Linder:2006ud,
	author        = {Linder, Eric V.},
	title         = {{Dark Energy in the Dark Ages}},
	journal       = {Astropart. Phys.},
	volume        = {26},
	year          = {2006},
	pages         = {16-21},
	doi           = {10.1016/j.astropartphys.2006.04.004},
	eprint        = {astro-ph/0603584},
	archiveprefix = {arXiv},
	primaryclass  = {astro-ph},
	slaccitation  = {%%CITATION = ASTRO-PH/0603584;%%}
}

@article{Rubin:2008wq,
	author        = {Rubin, D. and others},
	title         = {{Looking Beyond Lambda with the Union Supernova
	Compilation}},
	journal       = {Astrophys. J.},
	volume        = {695},
	year          = {2009},
	pages         = {391-403},
	doi           = {10.1088/0004-637X/695/1/391},
	eprint        = {0807.1108},
	archiveprefix = {arXiv},
	primaryclass  = {astro-ph},
	slaccitation  = {%%CITATION = ARXIV:0807.1108;%%}
}

@article{2009ApJ:703:1374S,
	author        = {{Sollerman}, J. and {M{\"o}rtsell}, E. and {Davis}, T.~M. and 
	{Blomqvist}, M. and {Bassett}, B. and {Becker}, A.~C. and {Cinabro}, D. and 
	{Filippenko}, A.~V. and {Foley}, R.~J. and {Frieman}, J. and 
	{Garnavich}, P. and {Lampeitl}, H. and {Marriner}, J. and {Miquel}, R. and 
	{Nichol}, R.~C. and {Richmond}, M.~W. and {Sako}, M. and {Schneider}, D.~P. and 
	{Smith}, M. and {Vanderplas}, J.~T. and {Wheeler}, J.~C.},
	title         = {{First-Year Sloan Digital Sky Survey-II (SDSS-II) Supernova Results: Constraints on Nonstandard Cosmological Models}},
	journal       = {\apj},
	archiveprefix = {arXiv},
	eprint        = {0908.4276},
	keywords      = {cosmology: observations, supernovae: general},
	year          = 2009,
	month         = oct,
	volume        = 703,
	pages         = {1374-1385},
	doi           = {10.1088/0004-637X/703/2/1374},
	adsnote       = {Provided by the SAO/NASA Astrophysics Data System}
}

@article{2010PhRvD..81f3007M,
	author        = {{Mortonson}, M.~J. and {Hu}, W. and {Huterer}, D.},
	title         = {{Testable dark energy predictions from current data}},
	journal       = {\prd},
	archiveprefix = {arXiv},
	eprint        = {0912.3816},
	primaryclass  = {astro-ph.CO},
	keywords      = {Dark energy, Supernovae, Background radiations, Observational cosmology},
	year          = 2010,
	month         = mar,
	volume        = 81,
	number        = 6,
	eid           = {063007},
	pages         = {063007},
	doi           = {10.1103/PhysRevD.81.063007},
	adsnote       = {Provided by the SAO/NASA Astrophysics Data System}
}

@article{Hannestad:2004cb,
	author        = {Hannestad, Steen and Mortsell, Edvard},
	title         = {{Cosmological constraints on the dark energy equation of
	state and its evolution}},
	journal       = {JCAP},
	volume        = {0409},
	year          = {2004},
	pages         = {001},
	doi           = {10.1088/1475-7516/2004/09/001},
	eprint        = {astro-ph/0407259},
	archiveprefix = {arXiv},
	primaryclass  = {astro-ph},
	slaccitation  = {%%CITATION = ASTRO-PH/0407259;%%}
}

@article{Jassal:2004ej,
	author        = {Jassal, H. K. and Bagla, J. S. and Padmanabhan, T.},
	title         = {{WMAP constraints on low redshift evolution of dark
	energy}},
	journal       = {Mon. Not. Roy. Astron. Soc.},
	volume        = {356},
	year          = {2005},
	pages         = {L11-L16},
	eprint        = {astro-ph/0404378},
	archiveprefix = {arXiv},
	primaryclass  = {astro-ph},
	slaccitation  = {%%CITATION = ASTRO-PH/0404378;%%}
}

@article{Huterer:2000mj,
	author        = {Huterer, Dragan and Turner, Michael S.},
	title         = {{Probing the dark energy: Methods and strategies}},
	journal       = {Phys. Rev.},
	volume        = {D64},
	year          = {2001},
	pages         = {123527},
	doi           = {10.1103/PhysRevD.64.123527},
	eprint        = {astro-ph/0012510},
	archiveprefix = {arXiv},
	primaryclass  = {astro-ph},
	reportnumber  = {FERMILAB-PUB-00-381-A},
	slaccitation  = {%%CITATION = ASTRO-PH/0012510;%%}
}

@article{Weller:2001gf,
	author        = {Weller, Jochen and Albrecht, Andreas},
	title         = {{Future supernovae observations as a probe of dark
	energy}},
	journal       = {Phys. Rev.},
	volume        = {D65},
	year          = {2002},
	pages         = {103512},
	doi           = {10.1103/PhysRevD.65.103512},
	eprint        = {astro-ph/0106079},
	archiveprefix = {arXiv},
	primaryclass  = {astro-ph},
	reportnumber  = {DAMTP-2001-53},
	slaccitation  = {%%CITATION = ASTRO-PH/0106079;%%}
}

@article{Huang:2010zra,
	author        = {Huang, Zhiqi and Bond, J. Richard and Kofman, Lev},
	title         = {{Parameterizing and Measuring Dark Energy Trajectories
	from Late-Inflatons}},
	journal       = {Astrophys. J.},
	volume        = {726},
	year          = {2011},
	pages         = {64},
	doi           = {10.1088/0004-637X/726/2/64},
	eprint        = {1007.5297},
	archiveprefix = {arXiv},
	primaryclass  = {astro-ph.CO},
	reportnumber  = {CITA-2010-07},
	slaccitation  = {%%CITATION = ARXIV:1007.5297;%%}
}

@article{Ma:2011nc,
	author        = {Ma, Jing-Zhe and Zhang, Xin},
	title         = {{Probing the dynamics of dark energy with novel
	parametrizations}},
	journal       = {Phys. Lett.},
	volume        = {B699},
	year          = {2011},
	pages         = {233-238},
	doi           = {10.1016/j.physletb.2011.04.013},
	eprint        = {1102.2671},
	archiveprefix = {arXiv},
	primaryclass  = {astro-ph.CO},
	slaccitation  = {%%CITATION = ARXIV:1102.2671;%%}
}

@article{Barboza:2008rh,
	author        = {Barboza, Jr., E. M. and Alcaniz, J. S.},
	title         = {{A parametric model for dark energy}},
	journal       = {Phys. Lett.},
	volume        = {B666},
	year          = {2008},
	pages         = {415-419},
	doi           = {10.1016/j.physletb.2008.08.012},
	eprint        = {0805.1713},
	archiveprefix = {arXiv},
	primaryclass  = {astro-ph},
	slaccitation  = {%%CITATION = ARXIV:0805.1713;%%}
}

%---- DE quitessence ------------
@article{Wang:1998gt,
	author        = {Wang, Li-Min and Steinhardt, Paul J.},
	title         = {{Cluster abundance constraints on quintessence models}},
	journal       = {Astrophys. J.},
	volume        = {508},
	year          = {1998},
	pages         = {483-490},
	doi           = {10.1086/306436},
	eprint        = {astro-ph/9804015},
	archiveprefix = {arXiv},
	primaryclass  = {astro-ph},
	slaccitation  = {%%CITATION = ASTRO-PH/9804015;%%}
}

@article{Linder2007wa,
	author        = {Linder, Eric V.},
	title         = {{The Dynamics of Quintessence, The Quintessence of
	Dynamics}},
	journal       = {Gen. Rel. Grav.},
	volume        = {40},
	year          = {2008},
	pages         = {329-356},
	doi           = {10.1007/s10714-007-0550-z},
	eprint        = {0704.2064},
	archiveprefix = {arXiv},
	primaryclass  = {astro-ph},
	slaccitation  = {%%CITATION = ARXIV:0704.2064;%%}
}

%----Tomomi at Argonne------------
@article{2016JCAP05051S,
	author        = {{Sunayama}, Tomomi and {Padmanabhan}, Nikhil and {Heitmann}, Katrin and
	{Habib}, Salman and {Rangel}, Esteban},
	title         = {{Efficient construction of mock catalogs for baryon acoustic oscillation surveys}},
	journal       = {\jcap},
	keywords      = {Astrophysics - Cosmology and Nongalactic Astrophysics},
	year          = {2016},
	month         = {May},
	volume        = {2016},
	number        = {5},
	eid           = {051},
	pages         = {051},
	doi           = {10.1088/1475-7516/2016/05/051},
	archiveprefix = {arXiv},
	eprint        = {1510.06665},
	primaryclass  = {astro-ph.CO},
	adsnote       = {Provided by the SAO/NASA Astrophysics Data System}
}

%----- PERTURBATIVE THEORY
%----- LPT ------------
@article{Bernardeau:2001qr,
	author        = {Bernardeau, F. and Colombi, S. and Gaztanaga, E. and
	Scoccimarro, R.},
	title         = {{Large scale structure of the universe and cosmological
	perturbation theory}},
	journal       = {Phys. Rept.},
	volume        = {367},
	year          = {2002},
	pages         = {1-248},
	doi           = {10.1016/S0370-1573(02)00135-7},
	eprint        = {astro-ph/0112551},
	archiveprefix = {arXiv},
	primaryclass  = {astro-ph},
	reportnumber  = {SACLAY-T01-142},
	slaccitation  = {%%CITATION = ASTRO-PH/0112551;%%}
}
%Linear perturbation theory:
@article{Ma:1995ey,
	author        = {Ma, Chung-Pei and Bertschinger, Edmund},
	title         = {{Cosmological perturbation theory in the synchronous and
	conformal Newtonian gauges}},
	journal       = {Astrophys. J.},
	volume        = {455},
	year          = {1995},
	pages         = {7-25},
	doi           = {10.1086/176550},
	eprint        = {astro-ph/9506072},
	archiveprefix = {arXiv},
	primaryclass  = {astro-ph},
	slaccitation  = {%%CITATION = ASTRO-PH/9506072;%%}
}
%---- lpt
@article{Bouchet1994,
	author        = {Bouchet, F. R. and Colombi, S. and Hivon, E. and
	Juszkiewicz, R.},
	title         = {{Perturbative Lagrangian approach to gravitational
	instability}},
	journal       = {Astron. Astrophys.},
	volume        = {296},
	year          = {1995},
	pages         = {575},
	eprint        = {astro-ph/9406013},
	archiveprefix = {arXiv},
	primaryclass  = {astro-ph}
}
%---- 2PT
@article{Matsubara:1995kq,
	author        = {Matsubara, Takahiko},
	title         = {{On second order perturbation theories of gravitational
	instability in Friedmann-Lemaitre models}},
	journal       = {Prog. Theor. Phys.},
	volume        = {94},
	year          = {1995},
	pages         = {1151-1156},
	doi           = {10.1143/PTP.94.1151},
	eprint        = {astro-ph/9510137},
	archiveprefix = {arXiv},
	primaryclass  = {astro-ph},
	reportnumber  = {UTAP-210-95},
	slaccitation  = {%%CITATION = ASTRO-PH/9510137;%%}
}
%----- transients
@article{Scoccimarro:1997gr,
	author        = {Scoccimarro, Roman},
	title         = {{Transients from initial conditions: a perturbative
	analysis}},
	journal       = {Mon. Not. Roy. Astron. Soc.},
	volume        = {299},
	year          = {1998},
	pages         = {1097},
	doi           = {10.1046/j.1365-8711.1998.01845.x},
	eprint        = {astro-ph/9711187},
	archiveprefix = {arXiv},
	primaryclass  = {astro-ph},
	reportnumber  = {CITA-97-42},
	slaccitation  = {%%CITATION = ASTRO-PH/9711187;%%}
}


%----- COLA related-references------

@article{Chuang:2014vfa,
	author        = {Chuang, Chia-Hsun and Kitaura, Francisco-Shu and Prada,
	Francisco and Zhao, Cheng and Yepes, Gustavo},
	title         = {{EZmocks: extending the Zel'dovich approximation to
	generate mock galaxy catalogues with accurate clustering
	statistics}},
	journal       = {Mon. Not. Roy. Astron. Soc.},
	volume        = {446},
	year          = {2015},
	pages         = {2621-2628},
	doi           = {10.1093/mnras/stu2301},
	eprint        = {1409.1124},
	archiveprefix = {arXiv},
	primaryclass  = {astro-ph.CO},
	slaccitation  = {%%CITATION = ARXIV:1409.1124;%%}
}

@article{Howlett:2015hfa,
	author        = {Howlett, Cullan and Manera, Marc and Percival, Will J.},
	title         = {{L-PICOLA: A parallel code for fast dark matter
	simulation}},
	journal       = {Astron. Comput.},
	volume        = {12},
	year          = {2015},
	pages         = {109-126},
	doi           = {10.1016/j.ascom.2015.07.003},
	eprint        = {1506.03737},
	archiveprefix = {arXiv},
	primaryclass  = {astro-ph.CO},
	slaccitation  = {%%CITATION = ARXIV:1506.03737;%%}
}

@article{Winther:2017jof,
	author        = {Winther, Hans A. and Koyama, Kazuya and Manera, Marc and
	Wright, Bill S. and Zhao, Gong-Bo},
	title         = {{COLA with scale-dependent growth: applications to
	screened modified gravity models}},
	journal       = {JCAP},
	volume        = {1708},
	year          = {2017},
	number        = {08},
	pages         = {006},
	doi           = {10.1088/1475-7516/2017/08/006},
	eprint        = {1703.00879},
	archiveprefix = {arXiv},
	primaryclass  = {astro-ph.CO},
	slaccitation  = {%%CITATION = ARXIV:1703.00879;%%}
}

@article{Tassev:2013pn,
	author        = {Tassev, Svetlin and Zaldarriaga, Matias and Eisenstein,
	Daniel},
	title         = {{Solving Large Scale Structure in Ten Easy Steps with
	COLA}},
	journal       = {JCAP},
	volume        = {1306},
	year          = {2013},
	pages         = {036},
	doi           = {10.1088/1475-7516/2013/06/036},
	eprint        = {1301.0322},
	archiveprefix = {arXiv},
	primaryclass  = {astro-ph.CO},
	slaccitation  = {%%CITATION = ARXIV:1301.0322;%%}
}

@article{Tassev:2015mia,
	author        = {Tassev, Svetlin and Eisenstein, Daniel J. and Wandelt,
	Benjamin D. and Zaldarriaga, Matias},
	title         = {{sCOLA: The N-body COLA Method Extended to the Spatial
	Domain}},
	year          = {2015},
	eprint        = {1502.07751},
	archiveprefix = {arXiv},
	primaryclass  = {astro-ph.CO},
	slaccitation  = {%%CITATION = ARXIV:1502.07751;%%}
}


%----- CUTE  ------------
@article{cutecode,
	author        = {{Alonso}, David},
	title         = {{CUTE solutions for two-point correlation functions from large cosmological datasets}},
	journal       = {arXiv e-prints},
	keywords      = {Astrophysics - Instrumentation and Methods for Astrophysics},
	year          = {2012},
	month         = {Oct},
	eid           = {arXiv:1210.1833},
	pages         = {arXiv:1210.1833},
	archiveprefix = {arXiv},
	eprint        = {1210.1833},
	primaryclass  = {astro-ph.IM},
	adsnote       = {Provided by the SAO/NASA Astrophysics Data System}
}

%----- test of CPL
@article{Linden:2008mf,
	author        = {Linden, Sebastian and Virey, Jean-Marc},
	title         = {{A test of the CPL parameterization for rapid dark energy
	equation of state transitions}},
	journal       = {Phys. Rev.},
	volume        = {D78},
	year          = {2008},
	pages         = {023526},
	doi           = {10.1103/PhysRevD.78.023526},
	eprint        = {0804.0389},
	archiveprefix = {arXiv},
	primaryclass  = {astro-ph},
	reportnumber  = {CPT-P009-2008},
	slaccitation  = {%%CITATION = ARXIV:0804.0389;%%}
}

%--- simulation references on dark energy
% referee asked for this 
@article{Rizzo:2016mdr,
	author = "Rizzo, Luca Alberto and Villaescusa-Navarro, Francisco and Monaco, Pierluigi and Munari, Emiliano and Borgani, Stefano and Castorina, Emanuele and Sefusatti, Emiliano",
	archivePrefix = "arXiv",
	doi = "10.1088/1475-7516/2017/01/008",
	eprint = "1610.07624",
	journal = "JCAP",
	pages = "008",
	primaryClass = "astro-ph.CO",
	title = "{Simulating cosmologies beyond $\Lambda$CDM with PINOCCHIO}",
	volume = "01",
	year = "2017"
}
@article{Lawrence+2017,
	author        = {Lawrence, Earl and Heitmann, Katrin and Kwan, Juliana and
	Upadhye, Amol and Bingham, Derek and Habib, Salman and
	Higdon, David and Pope, Adrian and Finkel, Hal and
	Frontiere, Nicholas},
	title         = {{The Mira-Titan Universe II: Matter Power Spectrum
	Emulation}},
	journal       = {Astrophys. J.},
	volume        = {847},
	year          = {2017},
	number        = {1},
	pages         = {50},
	doi           = {10.3847/1538-4357/aa86a9},
	eprint        = {1705.03388},
	archiveprefix = {arXiv},
	primaryclass  = {astro-ph.CO},
	slaccitation  = {%%CITATION = ARXIV:1705.03388;%%}
}


@article{Heitmann:2015xma,
	author        = {Heitmann, Katrin and others},
	title         = {{The Mira–Titan Universe: Precision Predictions for
	Dark Energy Surveys}},
	journal       = {Astrophys. J.},
	volume        = {820},
	year          = {2016},
	number        = {2},
	pages         = {108},
	doi           = {10.3847/0004-637X/820/2/108},
	eprint        = {1508.02654},
	archiveprefix = {arXiv},
	primaryclass  = {astro-ph.CO},
	slaccitation  = {%%CITATION = ARXIV:1508.02654;%%}
}

% --- abacus 
@article{Garrison:2017ssz,
	author        = {Garrison, Lehman H. and Eisenstein, Daniel J. and Ferrer,
	Douglas and Tinker, Jeremy L. and Pinto, Philip A. and
	Weinberg, David H.},
	title         = {{The Abacus Cosmos: A Suite of Cosmological N-body
	Simulations}},
	journal       = {Astrophys. J. Suppl.},
	volume        = {236},
	year          = {2018},
	number        = {2},
	pages         = {43},
	doi           = {10.3847/1538-4365/aabfd3},
	eprint        = {1712.05768},
	archiveprefix = {arXiv},
	primaryclass  = {astro-ph.CO},
	slaccitation  = {%%CITATION = ARXIV:1712.05768;%%}
}

%------ Cosmological constant problem----
@article{Weinberg1989,
	title     = {The cosmological constant problem},
	author    = {Weinberg, Steven},
	journal   = {Rev. Mod. Phys.},
	volume    = {61},
	issue     = {1},
	pages     = {1--23},
	numpages  = {0},
	year      = {1989},
	month     = {Jan},
	publisher = {American Physical Society},
	doi       = {10.1103/RevModPhys.61.1}
}


%% ---- quick PM sims
@article{White:2013psd,
	author        = {White, Martin and Tinker, Jeremy L. and McBride, Cameron
	K.},
	title         = {{Mock galaxy catalogues using the quick particle mesh
	method}},
	journal       = {Mon. Not. Roy. Astron. Soc.},
	volume        = {437},
	year          = {2014},
	number        = {3},
	pages         = {2594-2606},
	doi           = {10.1093/mnras/stt2071},
	eprint        = {1309.5532},
	archiveprefix = {arXiv},
	primaryclass  = {astro-ph.CO},
	slaccitation  = {%%CITATION = ARXIV:1309.5532;%%}
}

%---- Pinocchio -----
@article{Monaco:2001jg,
	author        = {Monaco, P. and Theuns, T. and Taffoni, G.},
	title         = {{Pinocchio: pinpointing orbit-crossing collapsed
	hierarchical objects in a linear density field}},
	journal       = {Mon. Not. Roy. Astron. Soc.},
	volume        = {331},
	year          = {2002},
	pages         = {587},
	doi           = {10.1046/j.1365-8711.2002.05162.x},
	eprint        = {astro-ph/0109323},
	archiveprefix = {arXiv},
	primaryclass  = {astro-ph},
	slaccitation  = {%%CITATION = ASTRO-PH/0109323;%%}
}


%------- fast tool DM halos
@article{Monaco:2013qta,
	author        = {Monaco, P. and Sefusatti, E. and Borgani, S. and Crocce,
	M. and Fosalba, P. and Sheth, R. K. and Theuns, T.},
	title         = {{An accurate tool for the fast generation of dark matter
	halo catalogs}},
	journal       = {Mon. Not. Roy. Astron. Soc.},
	volume        = {433},
	year          = {2013},
	pages         = {2389-2402},
	doi           = {10.1093/mnras/stt907},
	eprint        = {1305.1505},
	archiveprefix = {arXiv},
	primaryclass  = {astro-ph.CO},
	slaccitation  = {%%CITATION = ARXIV:1305.1505;%%}
}

%----- PT halos
@article{Scoccimarro:2001cj,
	author        = {Scoccimarro, Roman and Sheth, Ravi K.},
	title         = {{PTHalos: A Fast method for generating mock galaxy
	distributions}},
	journal       = {Mon. Not. Roy. Astron. Soc.},
	volume        = {329},
	year          = {2002},
	pages         = {629-640},
	doi           = {10.1046/j.1365-8711.2002.04999.x},
	eprint        = {astro-ph/0106120},
	archiveprefix = {arXiv},
	primaryclass  = {astro-ph},
	reportnumber  = {FERMILAB-PUB-01-411-A},
	slaccitation  = {%%CITATION = ASTRO-PH/0106120;%%}
}


%---N-body sims 
@article{Quinn:1997iy,
	author        = {Quinn, Thomas R. and Katz, Neal and Stadel, Joachim and
	Lake, George},
	title         = {{Time stepping N body simulations}},
	journal       = {Submitted to: Astrophys. J.},
	year          = {1997},
	eprint        = {astro-ph/9710043},
	archiveprefix = {arXiv},
	primaryclass  = {astro-ph},
	slaccitation  = {%%CITATION = ASTRO-PH/9710043;%%}
}

%---- ic for nbody

@article{Prunet2008,
	author        = {Prunet, S. and Pichon, C. and Aubert, D. and Pogosyan, D.
	and Teyssier, R. and Gottloeber, S.},
	title         = {{Initial Conditions for Large Cosmological Simulations}},
	journal       = {Astrophys. J. Suppl.},
	volume        = {178},
	year          = {2008},
	pages         = {179},
	doi           = {10.1086/590370},
	eprint        = {0804.3536},
	archiveprefix = {arXiv},
	primaryclass  = {astro-ph},
	slaccitation  = {%%CITATION = ARXIV:0804.3536;%%}
}

%PATCHY first paper from Referee
@article{2014MNRAS.439L..21K,
	author        = {{Kitaura}, F. -S. and {Yepes}, G. and {Prada}, F.},
	title         = {{Modelling baryon acoustic oscillations with perturbation theory and stochastic halo biasing.}},
	journal       = {\mnras},
	keywords      = {catalogues, galaxies: clusters: general, galaxies: statistics, large-scale structure of Universe, Astrophysics - Cosmology and Nongalactic Astrophysics},
	year          = {2014},
	month         = {Mar},
	volume        = {439},
	pages         = {L21-L25},
	doi           = {10.1093/mnrasl/slt172},
	archiveprefix = {arXiv},
	eprint        = {1307.3285},
	primaryclass  = {astro-ph.CO},
	adsnote       = {Provided by the SAO/NASA Astrophysics Data System}
}


$------- Rockstar -------
@article{Behroozi2013,
	author        = {{Behroozi}, P.~S. and {Wechsler}, R.~H. and {Wu}, H.-Y.},
	title         = {{The ROCKSTAR Phase-space Temporal Halo Finder and the Velocity Offsets of Cluster Cores}},
	journal       = {\apj},
	archiveprefix = {arXiv},
	eprint        = {1110.4372},
	primaryclass  = {astro-ph.CO},
	keywords      = {dark matter, methods: numerical},
	year          = 2013,
	month         = jan,
	volume        = 762,
	eid           = {109},
	pages         = {109},
	doi           = {10.1088/0004-637X/762/2/109},
	adsurl        = {http://adsabs.harvard.edu/abs/2013ApJ...762..109B},
	adsnote       = {Provided by the SAO/NASA Astrophysics Data System}
}


%--------- Modified gravity & alternative models ------

%------DGP
@article{Dvali2000,
	author  = {{Dvali}, G. and {Gabadadze}, G. and {Porrati}, M.},
	title   = {{4D gravity on a brane in 5D Minkowski space}},
	journal = {Physics Letters B},
	eprint  = {hep-th/0005016},
	year    = 2000,
	month   = jul,
	volume  = 485,
	pages   = {208-214},
	doi     = {10.1016/S0370-2693(00)00669-9},
	adsurl  = {http://adsabs.harvard.edu/abs/2000PhLB..485..208D},
	adsnote = {Provided by the SAO/NASA Astrophysics Data System}
}

%-------F(R) HS----
@article{HuSawicky2007,
	author        = {{Hu}, W. and {Sawicki}, I.},
	title         = {{Models of f(R) cosmic acceleration that evade solar system tests}},
	journal       = {Physical Review D},
	archiveprefix = {arXiv},
	eprint        = {0705.1158},
	keywords      = {Gravity in more than four dimensions Kaluza-Klein theory unified field theories, alternative theories of gravity, Experimental tests of gravitational theories},
	year          = 2007,
	month         = sep,
	volume        = 76,
	number        = 6,
	eid           = {064004},
	pages         = {064004},
	doi           = {10.1103/PhysRevD.76.064004},
	adsurl        = {http://adsabs.harvard.edu/abs/2007PhRvD..76f4004H},
	adsnote       = {Provided by the SAO/NASA Astrophysics Data System}
}

%------- ECOSMOG
@article{Li2012,
	author        = {Li, Baojiu and Zhao, Gong-Bo and Teyssier, Romain and
	Koyama, Kazuya},
	title         = {{ECOSMOG: An Efficient Code for Simulating Modified
	Gravity}},
	journal       = {JCAP},
	volume        = {1201},
	year          = {2012},
	pages         = {051},
	doi           = {10.1088/1475-7516/2012/01/051},
	eprint        = {1110.1379},
	archiveprefix = {arXiv},
	primaryclass  = {astro-ph.CO},
	slaccitation  = {%%CITATION = ARXIV:1110.1379;%%}
}
%---- MG sims
@article{Li2013,
	author        = {Li, Baojiu and Zhao, Gong-Bo and Koyama, Kazuya},
	title         = {{Exploring Vainshtein mechanism on adaptively refined
	meshes}},
	journal       = {JCAP},
	volume        = {1305},
	year          = {2013},
	pages         = {023},
	doi           = {10.1088/1475-7516/2013/05/023},
	eprint        = {1303.0008},
	archiveprefix = {arXiv},
	primaryclass  = {astro-ph.CO},
	slaccitation  = {%%CITATION = ARXIV:1303.0008;%%}
}

@article{Koyama2016,
	author        = {{Koyama}, K.},
	title         = {{Cosmological tests of modified gravity}},
	journal       = {Reports on Progress in Physics},
	archiveprefix = {arXiv},
	eprint        = {1504.04623},
	year          = 2016,
	month         = apr,
	volume        = 79,
	number        = 4,
	eid           = {046902},
	pages         = {046902},
	doi           = {10.1088/0034-4885/79/4/046902},
	adsurl        = {http://adsabs.harvard.edu/abs/2016RPPh...79d6902K},
	adsnote       = {Provided by the SAO/NASA Astrophysics Data System}
}

%%%% ------- data sets & observations

%---- Planck 2015
@article{Ade2016,
	author        = {{Planck Collaboration} and {Ade}, P.~A.~R. and {Aghanim}, N. and 
	{Arnaud}, M. and {Ashdown}, M. and {Aumont}, J. and {Baccigalupi}, C. and 
	{Banday}, A.~J. and {Barreiro}, R.~B. and {Bartlett}, J.~G. and et al.},
	title         = {{Planck 2015 results. XIII. Cosmological parameters}},
	journal       = {\aap},
	archiveprefix = {arXiv},
	eprint        = {1502.01589},
	keywords      = {cosmology: observations, cosmology: theory, cosmic background radiation, cosmological parameters},
	year          = 2016,
	month         = sep,
	volume        = 594,
	eid           = {A13},
	pages         = {A13},
	doi           = {10.1051/0004-6361/201525830},
	adsurl        = {http://adsabs.harvard.edu/abs/2016A%26A...594A..13P},
	adsnote       = {Provided by the SAO/NASA Astrophysics Data System}
}

%------DR10/11 boss
@article{Anderson2014,
	title         = {The clustering of galaxies in the {SDSS-III} {B}aryon {O}scillation {S}pectroscopic {S}urvey: {B}aryon acoustic oscillations in the {D}ata {R}eleases 10 and 11 galaxy samples},
	author        = {Anderson, L. and others},
	journal       = {Mon. Not. Roy. Astron. Soc.},
	year          = {2014},
	number        = {1},
	pages         = {24},
	volume        = {441},
	archiveprefix = {arXiv},
	collaboration = {BOSS},
	doi           = {10.1093/mnras/stu523},
	eprint        = {1312.4877},
	primaryclass  = {astro-ph.CO},
	slaccitation  = {%%CITATION = ARXIV:1312.4877;%%}
}

%%% compressed likelihood planck
%%% used in SEoS paper 1
@article{mukherjee,
	title     = {Planck priors for dark energy surveys},
	author    = {Mukherjee, Pia and Kunz, Martin and Parkinson, David and Wang, Yun},
	journal   = {Phys. Rev. D},
	volume    = {78},
	issue     = {8},
	pages     = {083529},
	numpages  = {8},
	year      = {2008},
	month     = {Oct},
	publisher = {American Physical Society},
	doi       = {10.1103/PhysRevD.78.083529}
}
@article{planck15DE,
	author        = {Ade, P. A. R. and others},
	title         = {{Planck 2015 results. XIV. Dark energy and modified
	gravity}},
	collaboration = {Planck},
	journal       = {Astron. Astrophys.},
	volume        = {594},
	year          = {2016},
	pages         = {A14},
	doi           = {10.1051/0004-6361/201525814},
	eprint        = {1502.01590},
	archiveprefix = {arXiv},
	primaryclass  = {astro-ph.CO},
	slaccitation  = {%%CITATION = ARXIV:1502.01590;%%}
}

%%%%%% BAO papers used in SEoS 1

@article{Beutler:2011hx,
	author        = {{Beutler}, F. and {Blake}, C. and {Colless}, M. and {Jones}, D.~H. and 
	{Staveley-Smith}, L. and {Campbell}, L. and {Parker}, Q. and 
	{Saunders}, W. and {Watson}, F.},
	title         = {{The 6dF Galaxy Survey: baryon acoustic oscillations and the local Hubble constant}},
	journal       = {\mnras},
	archiveprefix = {arXiv},
	eprint        = {1106.3366},
	keywords      = {surveys, cosmology: observations, dark energy, distance scale, large-scale structure of Universe},
	year          = 2011,
	month         = oct,
	volume        = 416,
	pages         = {3017-3032},
	doi           = {10.1111/j.1365-2966.2011.19250.x},
	adsnote       = {Provided by the SAO/NASA Astrophysics Data System}
}
@article{Ross:2014qpa,
	author        = {Ross, Ashley J. and Samushia, Lado and Howlett, Cullan
	and Percival, Will J. and Burden, Angela and Manera, Marc},
	title         = {{The clustering of the SDSS DR7 main Galaxy sample – I.
	A 4 per cent distance measure at $z = 0.15$}},
	journal       = {Mon. Not. Roy. Astron. Soc.},
	volume        = {449},
	year          = {2015},
	number        = {1},
	pages         = {835-847},
	doi           = {10.1093/mnras/stv154},
	eprint        = {1409.3242},
	archiveprefix = {arXiv},
	primaryclass  = {astro-ph.CO},
	slaccitation  = {%%CITATION = ARXIV:1409.3242;%%}
}
@article{Padmanabhan2pc,
	author   = {Padmanabhan, Nikhil and Xu, Xiaoying and Eisenstein, Daniel J. and Scalzo, Richard and Cuesta, Antonio J. and Mehta, Kushal T. and Kazin, Eyal},
	title    = {A 2 per cent distance to z = 0.35 by reconstructing baryon acoustic oscillations – I. Methods and application to the Sloan Digital Sky Survey},
	journal  = {Monthly Notices of the Royal Astronomical Society},
	volume   = {427},
	number   = {3},
	issn     = {1365-2966},
	doi      = {10.1111/j.1365-2966.2012.21888.x},
	pages    = {2132--2145},
	keywords = {cosmological parameters, cosmology: observations, dark energy, distance scale, large-scale structure of Universe},
	year     = {2012}
}
@article{Alam:2016hwk,
	author        = {Alam, Shadab and others},
	title         = {{The clustering of galaxies in the completed SDSS-III
	Baryon Oscillation Spectroscopic Survey: cosmological
	analysis of the DR12 galaxy sample}},
	collaboration = {BOSS},
	journal       = {Submitted to: Mon. Not. Roy. Astron. Soc.},
	year          = {2016},
	eprint        = {1607.03155},
	archiveprefix = {arXiv},
	primaryclass  = {astro-ph.CO},
	slaccitation  = {%%CITATION = ARXIV:1607.03155;%%}
}
@article{Font-Ribera:2013wce,
	author        = {Font-Ribera, Andreu and others},
	title         = {{Quasar-Lyman $\alpha$ Forest Cross-Correlation from BOSS
	DR11 : Baryon Acoustic Oscillations}},
	collaboration = {BOSS},
	journal       = {JCAP},
	volume        = {1405},
	year          = {2014},
	pages         = {027},
	doi           = {10.1088/1475-7516/2014/05/027},
	eprint        = {1311.1767},
	archiveprefix = {arXiv},
	primaryclass  = {astro-ph.CO},
	slaccitation  = {%%CITATION = ARXIV:1311.1767;%%}
}
@article{Delubac:2014aqe,
	author        = {Delubac, Timothée and others},
	title         = {{Baryon acoustic oscillations in the Lyman $\alpha$ Forest  of BOSS
	DR11 quasars}},
	collaboration = {BOSS},
	journal       = {Astron. Astrophys.},
	volume        = {574},
	year          = {2015},
	pages         = {A59},
	doi           = {10.1051/0004-6361/201423969},
	eprint        = {1404.1801},
	archiveprefix = {arXiv},
	primaryclass  = {astro-ph.CO},
	slaccitation  = {%%CITATION = ARXIV:1404.1801;%%}
}
%%%%%%%%%%%%%%%

%--------- DESI --------
@article{Aghamousa:2016zmz,
	author        = {Aghamousa, Amir and others},
	title         = {{The DESI Experiment Part I: Science,Targeting, and
	Survey Design}},
	collaboration = {DESI},
	year          = {2016},
	eprint        = {1611.00036},
	archiveprefix = {arXiv},
	primaryclass  = {astro-ph.IM},
	reportnumber  = {FERMILAB-PUB-16-517-AE},
	slaccitation  = {%%CITATION = ARXIV:1611.00036;%%}
}

%----- Planck 2018
@article{Aghanim:2018eyx,
	author        = {{Planck Collaboration} and {Aghanim}, N., et al.},
	title         = {{Planck 2018 results. VI. Cosmological parameters}},
	journal       = {ArXiv e-prints},
	archiveprefix = {arXiv},
	eprint        = {1807.06209},
	keywords      = {Astrophysics - Cosmology and Nongalactic Astrophysics},
	year          = 2018,
	month         = jul,
	adsurl        = {http://adsabs.harvard.edu/abs/2018arXiv180706209P},
	adsnote       = {Provided by the SAO/NASA Astrophysics Data System}
}

%==========

@article{Prunet2008,
	author        = {Prunet, S. and Pichon, C. and Aubert, D. and Pogosyan, D.
	and Teyssier, R. and Gottloeber, S.},
	title         = {{Initial Conditions for Large Cosmological Simulations}},
	journal       = {Astrophys. J. Suppl.},
	volume        = {178},
	year          = {2008},
	pages         = {179},
	doi           = {10.1086/590370},
	eprint        = {0804.3536},
	archiveprefix = {arXiv},
	primaryclass  = {astro-ph},
	slaccitation  = {%%CITATION = ARXIV:0804.3536;%%}
}

@article{Reddick+2012,
	author        = {{Reddick}, R.~M. and {Wechsler}, R.~H. and {Tinker}, J.~L. and 
	{Behroozi}, P.~S.},
	title         = {{The Connection between Galaxies and Dark Matter Structures in the Local Universe}},
	journal       = {\apj},
	archiveprefix = {arXiv},
	eprint        = {1207.2160},
	primaryclass  = {astro-ph.CO},
	keywords      = {dark matter, galaxies: formation, galaxies: groups: general, galaxies: halos, large-scale structure of universe, methods: statistical },
	year          = 2013,
	month         = jul,
	volume        = 771,
	eid           = {30},
	pages         = {30},
	doi           = {10.1088/0004-637X/771/1/30},
	adsurl        = {http://adsabs.harvard.edu/abs/2013ApJ...771...30R},
	adsnote       = {Provided by the SAO/NASA Astrophysics Data System}
}

@article{Rodriguez2012,
	author        = {{Rodr{\'{\i}}guez-Puebla}, A. and {Drory}, N. and {Avila-Reese}, V.
	},
	title         = {{The Stellar-Subhalo Mass Relation of Satellite Galaxies}},
	journal       = {\apj},
	archiveprefix = {arXiv},
	eprint        = {1204.0804},
	keywords      = {dark matter, galaxies: abundances, galaxies: evolution, galaxies: halos, galaxies: luminosity function, mass function, galaxies: statistics},
	year          = 2012,
	month         = sep,
	volume        = 756,
	eid           = {2},
	pages         = {2},
	doi           = {10.1088/0004-637X/756/1/2},
	adsurl        = {http://adsabs.harvard.edu/abs/2012ApJ...756....2R},
	adsnote       = {Provided by the SAO/NASA Astrophysics Data System}
}


@article{Rodriguez2013,
	author        = {{Rodr{\'{\i}}guez-Puebla}, A. and {Avila-Reese}, V. and {Drory}, N.
	},
	title         = {{The Galaxy-Halo/Subhalo Connection: Mass Relations and Implications for Some Satellite Occupational Distributions}},
	journal       = {\apj},
	archiveprefix = {arXiv},
	eprint        = {1302.0005},
	keywords      = {dark matter, galaxies: abundances, galaxies: evolution, galaxies: halos, galaxies: luminosity function, mass function, galaxies: statistics},
	year          = 2013,
	month         = apr,
	volume        = 767,
	eid           = {92},
	pages         = {92},
	doi           = {10.1088/0004-637X/767/1/92},
	adsurl        = {http://adsabs.harvard.edu/abs/2013ApJ...767...92R},
	adsnote       = {Provided by the SAO/NASA Astrophysics Data System}
}

@article{Raveri:2015maa,
	author        = {Raveri, Marco},
	title         = {{Are cosmological data sets consistent with each other
	within the $\Lambda$ cold dark matter model?}},
	journal       = {Phys. Rev.},
	volume        = {D93},
	year          = {2016},
	number        = {4},
	pages         = {043522},
	doi           = {10.1103/PhysRevD.93.043522},
	eprint        = {1510.00688},
	archiveprefix = {arXiv},
	primaryclass  = {astro-ph.CO},
	slaccitation  = {%%CITATION = ARXIV:1510.00688;%%}
}

@article{Rodriguez+2016,
	author        = {{Rodr{\'{\i}}guez-Puebla}, A. and {Behroozi}, P. and {Primack}, J. and 
	{Klypin}, A. and {Lee}, C. and {Hellinger}, D.},
	title         = {{Halo and subhalo demographics with Planck cosmological parameters: Bolshoi-Planck and MultiDark-Planck simulations}},
	journal       = {\mnras},
	archiveprefix = {arXiv},
	eprint        = {1602.04813},
	keywords      = {methods: numerical, galaxies: haloes, dark matter},
	year          = 2016,
	month         = oct,
	volume        = 462,
	pages         = {893-916},
	doi           = {10.1093/mnras/stw1705},
	adsurl        = {http://adsabs.harvard.edu/abs/2016MNRAS.462..893R},
	adsnote       = {Provided by the SAO/NASA Astrophysics Data System}
}



@article{vandenBosch2012,
	author        = {van den Bosch, Frank and More, Surhud and Cacciato,
	Marcello and Mo, Houjun and Yang, Xiaohu},
	title         = {{Cosmological Constraints from a Combination of Galaxy
	Clustering and Lensing -- I. Theoretical Framework}},
	journal       = {Mon. Not. Roy. Astron. Soc.},
	volume        = {430},
	year          = {2013},
	number        = {2},
	pages         = {725-746},
	doi           = {10.1093/mnras/sts006},
	eprint        = {1206.6890},
	archiveprefix = {arXiv},
	primaryclass  = {astro-ph.CO},
	reportnumber  = {FERMILAB-PUB-12-439-A},
	slaccitation  = {%%CITATION = ARXIV:1206.6890;%%}
}

@article{Vikram+2013,
	author        = {{Vikram}, V. and {Cabr{\'e}}, A. and {Jain}, B. and {VanderPlas}, J.~T.
	},
	title         = {{Astrophysical tests of modified gravity: the morphology and kinematics of dwarf galaxies}},
	journal       = {\jcap},
	archiveprefix = {arXiv},
	eprint        = {1303.0295},
	year          = 2013,
	month         = aug,
	volume        = 8,
	eid           = {020},
	pages         = {020},
	doi           = {10.1088/1475-7516/2013/08/020},
	adsurl        = {http://adsabs.harvard.edu/abs/2013JCAP...08..020V},
	adsnote       = {Provided by the SAO/NASA Astrophysics Data System}
}

@article{Wechsler2018,
	author        = {{Wechsler}, R.~H. and {Tinker}, J.~L.},
	title         = {{The Connection Between Galaxies and Their Dark Matter Halos}},
	journal       = {\araa},
	archiveprefix = {arXiv},
	eprint        = {1804.03097},
	year          = 2018,
	month         = sep,
	volume        = 56,
	pages         = {435-487},
	doi           = {10.1146/annurev-astro-081817-051756},
	adsurl        = {http://adsabs.harvard.edu/abs/2018ARA%26A..56..435W},
	adsnote       = {Provided by the SAO/NASA Astrophysics Data System}
}

@article{WMAP9,
	author  = {Hinshaw, G. and Larson, D. and Komatsu, E. and Spergel, D. N. and Bennett, C. L. and Dunkley, J. and Nolta, M. R. and Halpern, M. and Hill, R. S. and Odegard, N. and Page, L. and Smith, K. M. and Weiland, J. L. and Gold, B. and Jarosik, N. and Kogut, A. and Limon, M. and Meyer, S. S. and Tucker, G. S. and Wollack, E. and Wright, E. L.},
	title   = {{Nine-year Wilkinson Microwave Anisotropy Probe (WMAP) Observations: Cosmological Parameter Results}},
	journal = {Astrophys. J. Suppl.},
	volume  = {208},
	year    = {2013},
	pages   = {19}
}

@article{Yang2009,
	author        = {{Yang}, X. and {Mo}, H.~J. and {van den Bosch}, F.~C.},
	title         = {{Galaxy Groups in the SDSS DR4. III. The Luminosity and Stellar Mass Functions}},
	journal       = {\apj},
	archiveprefix = {arXiv},
	eprint        = {0808.0539},
	keywords      = {dark matter, galaxies: halos, large-scale structure of universe, methods: statistical},
	year          = 2009,
	month         = apr,
	volume        = 695,
	pages         = {900-916},
	doi           = {10.1088/0004-637X/695/2/900},
	adsurl        = {http://adsabs.harvard.edu/abs/2009ApJ...695..900Y},
	adsnote       = {Provided by the SAO/NASA Astrophysics Data System}
}

@article{Yang2012,
	author        = {{Yang}, X. and {Mo}, H.~J. and {van den Bosch}, F.~C. and {Zhang}, Y. and 
	{Han}, J.},
	title         = {{Evolution of the Galaxy-Dark Matter Connection and the Assembly of Galaxies in Dark Matter Halos}},
	journal       = {\apj},
	archiveprefix = {arXiv},
	eprint        = {1110.1420},
	keywords      = {dark matter, galaxies: halos, large-scale structure of universe},
	year          = 2012,
	month         = jun,
	volume        = 752,
	eid           = {41},
	pages         = {41},
	doi           = {10.1088/0004-637X/752/1/41},
	adsurl        = {http://adsabs.harvard.edu/abs/2012ApJ...752...41Y},
	adsnote       = {Provided by the SAO/NASA Astrophysics Data System}
}

@article{Zehavi2011,
	author        = {{Zehavi}, I. and {Zheng}, Z. and {Weinberg}, D.~H. and {Blanton}, M.~R. and 
	{Bahcall}, N.~A. and {Berlind}, A.~A. and {Brinkmann}, J. and 
	{Frieman}, J.~A. and {Gunn}, J.~E. and {Lupton}, R.~H. and {Nichol}, R.~C. and 
	{Percival}, W.~J. and {Schneider}, D.~P. and {Skibba}, R.~A. and 
	{Strauss}, M.~A. and {Tegmark}, M. and {York}, D.~G.},
	title         = {{Galaxy Clustering in the Completed SDSS Redshift Survey: The Dependence on Color and Luminosity}},
	journal       = {\apj},
	archiveprefix = {arXiv},
	eprint        = {1005.2413},
	keywords      = {cosmology: observations, cosmology: theory, galaxies: distances and redshifts, galaxies: halos, galaxies: statistics, large-scale structure of universe},
	year          = 2011,
	month         = jul,
	volume        = 736,
	eid           = {59},
	pages         = {59},
	doi           = {10.1088/0004-637X/736/1/59},
	adsurl        = {http://adsabs.harvard.edu/abs/2011ApJ...736...59Z},
	adsnote       = {Provided by the SAO/NASA Astrophysics Data System}
}

@article{Bose:2014zba,
	author        = {Bose, Sownak and Hellwing, Wojciech A. and Li, Baojiu},
	title         = {{Testing the quasi-static approximation in $f(R)$ gravity
	simulations}},
	journal       = {JCAP},
	volume        = {1502},
	year          = {2015},
	number        = {02},
	pages         = {034},
	doi           = {10.1088/1475-7516/2015/02/034},
	eprint        = {1411.6128},
	archiveprefix = {arXiv},
	primaryclass  = {astro-ph.CO},
	slaccitation  = {%%CITATION = ARXIV:1411.6128;%%}
}

@article{Winther:2015wla,
	author        = {Winther, Hans A. and others},
	title         = {{Modified Gravity N-body Code Comparison Project}},
	journal       = {Mon. Not. Roy. Astron. Soc.},
	volume        = {454},
	year          = {2015},
	number        = {4},
	pages         = {4208-4234},
	doi           = {10.1093/mnras/stv2253},
	eprint        = {1506.06384},
	archiveprefix = {arXiv},
	primaryclass  = {astro-ph.CO},
	slaccitation  = {%%CITATION = ARXIV:1506.06384;%%}
}

@article{Barreira:2015xvp,
	author        = {Barreira, Alexandre and Bose, Sownak and Li, Baojiu},
	title         = {{Speeding up N-body simulations of modified gravity:
	Vainshtein screening models}},
	journal       = {JCAP},
	volume        = {1512},
	year          = {2015},
	number        = {12},
	pages         = {059},
	doi           = {10.1088/1475-7516/2015/12/059},
	eprint        = {1511.08200},
	archiveprefix = {arXiv},
	primaryclass  = {astro-ph.CO},
	slaccitation  = {%%CITATION = ARXIV:1511.08200;%%}
}

@article{Bose:2016wms,
	author        = {Bose, Sownak and Li, Baojiu and Barreira, Alexandre and
	He, Jian-hua and Hellwing, Wojciech A. and Koyama, Kazuya
	and Llinares, Claudio and Zhao, Gong-Bo},
	title         = {{Speeding up $N$-body simulations of modified gravity:
	Chameleon screening models}},
	journal       = {JCAP},
	volume        = {1702},
	year          = {2017},
	number        = {02},
	pages         = {050},
	doi           = {10.1088/1475-7516/2017/02/050},
	eprint        = {1611.09375},
	archiveprefix = {arXiv},
	primaryclass  = {astro-ph.CO},
	slaccitation  = {%%CITATION = ARXIV:1611.09375;%%}
}


@article{Hernandez-Aguayo:2018yrp,
	author        = {{Hern{\'a}ndez-Aguayo}, C. and {Baugh}, C.~M. and {Li}, B.},
	title         = {{Marked clustering statistics in f(R) gravity cosmologies}},
	journal       = {\mnras},
	archiveprefix = {arXiv},
	eprint        = {1801.08880},
	keywords      = {gravitation, methods: data analysis, methods: statistical, large-scale structure of Universe, cosmology: theory},
	year          = 2018,
	month         = oct,
	volume        = 479,
	pages         = {4824-4835},
	doi           = {10.1093/mnras/sty1822},
	adsurl        = {http://adsabs.harvard.edu/abs/2018MNRAS.479.4824H},
	adsnote       = {Provided by the SAO/NASA Astrophysics Data System}
}

@article{PhysRevD.67.063504,
	title     = {Cosmology with tachyon field as dark energy},
	author    = {Bagla, J. S. and Jassal, H. K. and Padmanabhan, T.},
	journal   = {Phys. Rev. D},
	volume    = {67},
	issue     = {6},
	pages     = {063504},
	numpages  = {11},
	year      = {2003},
	month     = {Mar},
	publisher = {American Physical Society},
	doi       = {10.1103/PhysRevD.67.063504}
}

@article{Lonappan:2017lzt,
	author        = {Lonappan, Anto I. and Kumar, Sumit and Ruchika and Dinda,
	Bikash R. and Sen, Anjan A.},
	title         = {{Bayesian evidences for dark energy models in light of
	current observational data}},
	journal       = {Phys. Rev.},
	volume        = {D97},
	year          = {2018},
	number        = {4},
	pages         = {043524},
	doi           = {10.1103/PhysRevD.97.043524},
	eprint        = {1707.00603},
	archiveprefix = {arXiv},
	primaryclass  = {astro-ph.CO},
	slaccitation  = {%%CITATION = ARXIV:1707.00603;%%}
}

@article{Koyama:2007ih,
	author   = {{Koyama}, K. and {Silva}, F.~P.},
	title    = {{Nonlinear interactions in a cosmological background in the Dvali-Gabadadze-Porrati braneworld}},
	journal  = {\prd},
	eprint   = {hep-th/0702169},
	keywords = {Gravity in more than four dimensions Kaluza-Klein theory unified field theories, alternative theories of gravity, Dark energy},
	year     = 2007,
	month    = apr,
	volume   = 75,
	number   = 8,
	eid      = {084040},
	pages    = {084040},
	doi      = {10.1103/PhysRevD.75.084040},
	adsurl   = {http://adsabs.harvard.edu/abs/2007PhRvD..75h4040K},
	adsnote  = {Provided by the SAO/NASA Astrophysics Data System}
}

@article{Schmidt:2009sv,
	author        = {{Schmidt}, F.},
	title         = {{Cosmological simulations of normal-branch braneworld gravity}},
	journal       = {\prd},
	archiveprefix = {arXiv},
	eprint        = {0910.0235},
	primaryclass  = {astro-ph.CO},
	keywords      = {Relativity and gravitation, Dark energy, Cosmology, Mathematical and relativistic aspects of cosmology},
	year          = 2009,
	month         = dec,
	volume        = 80,
	number        = 12,
	eid           = {123003},
	pages         = {123003},
	doi           = {10.1103/PhysRevD.80.123003},
	adsurl        = {http://adsabs.harvard.edu/abs/2009PhRvD..80l3003S},
	adsnote       = {Provided by the SAO/NASA Astrophysics Data System}
}

@article{Vainshtein:1972sx,
	author  = {{Vainshtein}, A.~I.},
	title   = {{To the problem of nonvanishing gravitation mass}},
	journal = {Physics Letters B},
	year    = 1972,
	month   = may,
	volume  = 39,
	pages   = {393-394},
	doi     = {10.1016/0370-2693(72)90147-5},
	adsurl  = {http://adsabs.harvard.edu/abs/1972PhLB...39..393V},
	adsnote = {Provided by the SAO/NASA Astrophysics Data System}
}

@article{Khoury:2003rn,
	author        = {Khoury, Justin and Weltman, Amanda},
	title         = {{Chameleon cosmology}},
	journal       = {Phys. Rev.},
	volume        = {D69},
	year          = {2004},
	pages         = {044026},
	doi           = {10.1103/PhysRevD.69.044026},
	eprint        = {astro-ph/0309411},
	archiveprefix = {arXiv},
	primaryclass  = {astro-ph},
	slaccitation  = {%%CITATION = ASTRO-PH/0309411;%%}
}

@article{Rodríguez2016,
	author  = {Rodríguez-Puebla, Aldo and Behroozi, Peter and Primack, Joel and Klypin, Anatoly and Lee, Christoph and Hellinger, Doug},
	title   = {Halo and subhalo demographics with Planck cosmological parameters: Bolshoi–Planck and MultiDark–Planck simulations},
	journal = {Monthly Notices of the Royal Astronomical Society},
	volume  = {462},
	number  = {1},
	pages   = {893-916},
	year    = {2016},
	doi     = {10.1093/mnras/stw1705},
	url     = {http://dx.doi.org/10.1093/mnras/stw1705},
	eprint  = {/oup/backfile/content_public/journal/mnras/462/1/10.1093_mnras_stw1705/3/stw1705.pdf}
}


@article{Sheth:2005aj,
	author        = {Sheth, Ravi K. and Connolly, Andrew J. and Skibba, Ramin},
	title         = {{Marked correlations in galaxy formation models}},
	journal       = {ArXiv e-prints},
	year          = {2005},
	eprint        = {astro-ph/0511773},
	archiveprefix = {arXiv},
	primaryclass  = {astro-ph},
	slaccitation  = {%%CITATION = ASTRO-PH/0511773;%%}
}

@article{Shi:2017pyd,
	author        = {Shi, Difu and Li, Baojiu and Han, Jiaxin},
	title         = {{Environmental screening of dark matter haloes in $f(R)$
	gravity}},
	journal       = {Mon. Not. Roy. Astron. Soc.},
	volume        = {469},
	year          = {2017},
	number        = {1},
	pages         = {705-715},
	doi           = {10.1093/mnras/stx865},
	eprint        = {1702.03940},
	archiveprefix = {arXiv},
	primaryclass  = {astro-ph.CO},
	slaccitation  = {%%CITATION = ARXIV:1702.03940;%%}
}

@article{Sahni:1999gb,
	author        = {Sahni, Varun and Starobinsky, Alexei A.},
	title         = {{The Case for a positive cosmological Lambda term}},
	journal       = {Int. J. Mod. Phys.},
	volume        = {D9},
	year          = {2000},
	pages         = {373-444},
	doi           = {10.1142/S0218271800000542},
	eprint        = {astro-ph/9904398},
	archiveprefix = {arXiv},
	primaryclass  = {astro-ph},
	reportnumber  = {IUCAA-25-2000},
	slaccitation  = {%%CITATION = ASTRO-PH/9904398;%%}
}

@article{Shi:2015aya,
	author        = {Shi, Difu and Li, Baojiu and Han, Jiaxin and Gao, Liang
	and Hellwing, Wojciech A.},
	title         = {{Exploring the liminality: properties of haloes and
	subhaloes in borderline $f(R)$ gravity}},
	journal       = {Mon. Not. Roy. Astron. Soc.},
	volume        = {452},
	year          = {2015},
	number        = {3},
	pages         = {3179-3191},
	doi           = {10.1093/mnras/stv1549},
	eprint        = {1503.01109},
	archiveprefix = {arXiv},
	primaryclass  = {astro-ph.CO},
	slaccitation  = {%%CITATION = ARXIV:1503.01109;%%}
}

@article{Springel2008,
	author        = {{Springel}, V. and {Wang}, J. and {Vogelsberger}, M. and {Ludlow}, A. and 
	{Jenkins}, A. and {Helmi}, A. and {Navarro}, J.~F. and {Frenk}, C.~S. and 
	{White}, S.~D.~M.},
	title         = {{The Aquarius Project: the subhaloes of galactic haloes}},
	journal       = {\mnras},
	archiveprefix = {arXiv},
	eprint        = {0809.0898},
	keywords      = {methods: numerical , dark matter},
	year          = 2008,
	month         = dec,
	volume        = 391,
	pages         = {1685-1711},
	doi           = {10.1111/j.1365-2966.2008.14066.x},
	adsurl        = {http://adsabs.harvard.edu/abs/2008MNRAS.391.1685S},
	adsnote       = {Provided by the SAO/NASA Astrophysics Data System}
}


@article{White:2016yhs,
	author        = {White, Martin},
	title         = {{A marked correlation function for constraining modified
	gravity models}},
	journal       = {JCAP},
	volume        = {1611},
	year          = {2016},
	number        = {11},
	pages         = {057},
	doi           = {10.1088/1475-7516/2016/11/057},
	eprint        = {1609.08632},
	archiveprefix = {arXiv},
	primaryclass  = {astro-ph.CO},
	slaccitation  = {%%CITATION = ARXIV:1609.08632;%%}
}

@article{Winther:2011qb,
	author        = {Winther, Hans A. and Mota, David F. and Li, Baojiu},
	title         = {{Environment Dependence of Dark Matter Halos in Symmetron
	Modified Gravity}},
	journal       = {Astrophys. J.},
	volume        = {756},
	year          = {2012},
	pages         = {166},
	doi           = {10.1088/0004-637X/756/2/166},
	eprint        = {1110.6438},
	archiveprefix = {arXiv},
	primaryclass  = {astro-ph.CO},
	slaccitation  = {%%CITATION = ARXIV:1110.6438;%%}
}

@article{Winther:2015wla,
	author        = {Winther, Hans A. and others},
	title         = {{Modified Gravity N-body Code Comparison Project}},
	journal       = {Mon. Not. Roy. Astron. Soc.},
	volume        = {454},
	year          = {2015},
	number        = {4},
	pages         = {4208-4234},
	doi           = {10.1093/mnras/stv2253},
	eprint        = {1506.06384},
	archiveprefix = {arXiv},
	primaryclass  = {astro-ph.CO},
	slaccitation  = {%%CITATION = ARXIV:1506.06384;%%}
}


@article{Will:2014kxa,
	author        = {Will, Clifford M.},
	title         = {{The Confrontation between General Relativity and
	Experiment}},
	journal       = {Living Rev. Rel.},
	volume        = {17},
	year          = {2014},
	pages         = {4},
	doi           = {10.12942/lrr-2014-4},
	eprint        = {1403.7377},
	archiveprefix = {arXiv},
	primaryclass  = {gr-qc},
	slaccitation  = {%%CITATION = ARXIV:1403.7377;%%}
}
@article{Vlah:2018ygt,
	author        = {Vlah, Zvonimir and White, Martin},
	title         = {{Exploring redshift-space distortions in large-scale
	structure}},
	year          = {2018},
	eprint        = {1812.02775},
	archiveprefix = {arXiv},
	primaryclass  = {astro-ph.CO},
	slaccitation  = {%%CITATION = ARXIV:1812.02775;%%}
}

@article{Zhao:2011cu,
	author        = {Zhao, Gong-Bo and Li, Baojiu and Koyama, Kazuya},
	title         = {{Testing General Relativity using the Environmental
	Dependence of Dark Matter Halos}},
	journal       = {Phys. Rev. Lett.},
	volume        = {107},
	year          = {2011},
	pages         = {071303},
	doi           = {10.1103/PhysRevLett.107.071303},
	eprint        = {1105.0922},
	archiveprefix = {arXiv},
	primaryclass  = {astro-ph.CO},
	slaccitation  = {%%CITATION = ARXIV:1105.0922;%%}
}      

@misc{Colombi2011,
	author        = {{Colombi}, S. and {Novikov}, D.},
	title         = {{POWMES: Measuring the Power Spectrum in an N-body Simulation}},
	keywords      = {Software },
	howpublished  = {Astrophysics Source Code Library},
	year          = 2011,
	month         = oct,
	archiveprefix = {ascl},
	eprint        = {1110.017},
	adsurl        = {http://adsabs.harvard.edu/abs/2011ascl.soft10017C},
	adsnote       = {Provided by the SAO/NASA Astrophysics Data System}
}

%2LPTiC
@article{Crocce:2006ve,
	author        = {Crocce, M. and Pueblas, S. and Scoccimarro, R.},
	title         = {{Transients from Initial Conditions in Cosmological
	Simulations}},
	journal       = {Mon. Not. Roy. Astron. Soc.},
	volume        = {373},
	year          = {2006},
	pages         = {369-381},
	doi           = {10.1111/j.1365-2966.2006.11040.x},
	eprint        = {astro-ph/0606505},
	archiveprefix = {arXiv},
	primaryclass  = {astro-ph},
	slaccitation  = {%%CITATION = ASTRO-PH/0606505;%%}
}

%%%%%%%%%%%%%MG reviews
@article{Koyama:2015vza,
	author        = {Koyama, Kazuya},
	title         = {{Cosmological Tests of Modified Gravity}},
	journal       = {Rept. Prog. Phys.},
	volume        = {79},
	year          = {2016},
	number        = {4},
	pages         = {046902},
	doi           = {10.1088/0034-4885/79/4/046902},
	eprint        = {1504.04623},
	archiveprefix = {arXiv},
	primaryclass  = {astro-ph.CO},
	slaccitation  = {%%CITATION = ARXIV:1504.04623;%%}
}

@article{Clifton:2011jh,
	author        = {Clifton, Timothy and Ferreira, Pedro G. and Padilla,
	Antonio and Skordis, Constantinos},
	title         = {{Modified Gravity and Cosmology}},
	journal       = {Phys. Rept.},
	volume        = {513},
	year          = {2012},
	pages         = {1-189},
	doi           = {10.1016/j.physrep.2012.01.001},
	eprint        = {1106.2476},
	archiveprefix = {arXiv},
	primaryclass  = {astro-ph.CO},
	slaccitation  = {%%CITATION = ARXIV:1106.2476;%%}
}

@article{Jain:2013wgs,
	author        = {Jain, Bhuvnesh and others},
	title         = {{Novel Probes of Gravity and Dark Energy}},
	year          = {2013},
	eprint        = {1309.5389},
	archiveprefix = {arXiv},
	primaryclass  = {astro-ph.CO},
	reportnumber  = {FERMILAB-PUB-13-443-A},
	slaccitation  = {%%CITATION = ARXIV:1309.5389;%%}
}

@article{Jaime:2012gc,
	author        = {Jaime, Luisa G. and Patino, Leonardo and Salgado,
	Marcelo},
	title         = {{f(R) Cosmology revisited}},
	year          = {2012},
	eprint        = {1206.1642},
	archiveprefix = {arXiv},
	primaryclass  = {gr-qc},
	slaccitation  = {%%CITATION = ARXIV:1206.1642;%%}
}

%%%%%%%%%


%%%% ---------- DDE model in simulations 
@article{Almaraz:2019zxy,
	author        = {Almaraz, Erick and Li, Baojiu and de la Macorra, Axel},
	title         = {{Nonlinear structure formation in Bound Dark Energy}},
	year          = {2019},
	eprint        = {1907.02616},
	archiveprefix = {arXiv},
	primaryclass  = {astro-ph.CO},
	slaccitation  = {%%CITATION = ARXIV:1907.02616;%%}
}

%inhomogeneus DE 
@article{Roukema:2017doi,
	author        = {Roukema, Boudewijn F.},
	title         = {{Replacing dark energy by silent virialisation}},
	journal       = {Astron. Astrophys.},
	volume        = {610},
	year          = {2018},
	pages         = {A51},
	doi           = {10.1051/0004-6361/201731400},
	eprint        = {1706.06179},
	archiveprefix = {arXiv},
	primaryclass  = {astro-ph.CO},
	slaccitation  = {%%CITATION = ARXIV:1706.06179;%%}
}


%PINOCHIO with alternative models??
@article{Rizzo:2016mdr,
	author        = {Rizzo, Luca Alberto and Villaescusa-Navarro, Francisco
	and Monaco, Pierluigi and Munari, Emiliano and Borgani,
	Stefano and Castorina, Emanuele and Sefusatti, Emiliano},
	title         = {{Simulating cosmologies beyond $\Lambda$CDM with
	PINOCCHIO}},
	journal       = {JCAP},
	volume        = {1701},
	year          = {2017},
	number        = {01},
	pages         = {008},
	doi           = {10.1088/1475-7516/2017/01/008},
	eprint        = {1610.07624},
	archiveprefix = {arXiv},
	primaryclass  = {astro-ph.CO},
	slaccitation  = {%%CITATION = ARXIV:1610.07624;%%}
}

@article{Joyce:2014kja,
	author        = {Joyce, Austin and Jain, Bhuvnesh and Khoury, Justin and
	Trodden, Mark},
	title         = {{Beyond the Cosmological Standard Model}},
	journal       = {Phys. Rept.},
	volume        = {568},
	year          = {2015},
	pages         = {1-98},
	doi           = {10.1016/j.physrep.2014.12.002},
	eprint        = {1407.0059},
	archiveprefix = {arXiv},
	primaryclass  = {astro-ph.CO},
	slaccitation  = {%%CITATION = ARXIV:1407.0059;%%}
}
% ========== NOT USED==========
@article{WMAP9,
	author  = {Hinshaw, G. and Larson, D. and Komatsu, E. and Spergel, D. N. and Bennett, C. L. and Dunkley, J. and Nolta, M. R. and Halpern, M. and Hill, R. S. and Odegard, N. and Page, L. and Smith, K. M. and Weiland, J. L. and Gold, B. and Jarosik, N. and Kogut, A. and Limon, M. and Meyer, S. S. and Tucker, G. S. and Wollack, E. and Wright, E. L.},
	title   = {{Nine-year Wilkinson Microwave Anisotropy Probe (WMAP) Observations: Cosmological Parameter Results}},
	journal = {Astrophys. J. Suppl.},
	volume  = {208},
	year    = {2013},
	pages   = {19}
}
@article{Blanton2005,
	author   = {{Blanton}, M.~R. and {Lupton}, R.~H. and {Schlegel}, D.~J. and 
	{Strauss}, M.~A. and {Brinkmann}, J. and {Fukugita}, M. and 
	{Loveday}, J.},
	title    = {{The Properties and Luminosity Function of Extremely Low Luminosity Galaxies}},
	journal  = {\apj},
	eprint   = {astro-ph/0410164},
	keywords = {Galaxies: Dwarf, Galaxies: Fundamental Parameters, Galaxies: Luminosity Function, Mass Function, Galaxies: Statistics},
	year     = 2005,
	month    = sep,
	volume   = 631,
	pages    = {208-230},
	doi      = {10.1086/431416},
	adsurl   = {http://adsabs.harvard.edu/abs/2005ApJ...631..208B},
	adsnote  = {Provided by the SAO/NASA Astrophysics Data System}
}
@article{Yang2009,
	author        = {{Yang}, X. and {Mo}, H.~J. and {van den Bosch}, F.~C.},
	title         = {{Galaxy Groups in the SDSS DR4. III. The Luminosity and Stellar Mass Functions}},
	journal       = {\apj},
	archiveprefix = {arXiv},
	eprint        = {0808.0539},
	keywords      = {dark matter, galaxies: halos, large-scale structure of universe, methods: statistical},
	year          = 2009,
	month         = apr,
	volume        = 695,
	pages         = {900-916},
	doi           = {10.1088/0004-637X/695/2/900},
	adsurl        = {http://adsabs.harvard.edu/abs/2009ApJ...695..900Y},
	adsnote       = {Provided by the SAO/NASA Astrophysics Data System}
}
@article{Kitaura:2014mja,
	author        = {Kitaura, Francisco-Shu and Gil-Marín, Héctor and
	Scoccola, Claudia and Chuang, Chia-Hsun and Müller,
	Volker and Yepes, Gustavo and Prada, Francisco},
	title         = {{Constraining the halo bispectrum in real and redshift
	space from perturbation theory and non-linear stochastic
	bias}},
	journal       = {Mon. Not. Roy. Astron. Soc.},
	volume        = {450},
	year          = {2015},
	number        = {2},
	pages         = {1836-1845},
	doi           = {10.1093/mnras/stv645},
	eprint        = {1407.1236},
	archiveprefix = {arXiv},
	primaryclass  = {astro-ph.CO},
	slaccitation  = {%%CITATION = ARXIV:1407.1236;%%}
}
@article{Hernandez-Aguayo:2018oxg,
	author        = {Hernández-Aguayo, César and Hou, Jiamin and Li, Baojiu
	and Baugh, Carlton M. and Sánchez, Ariel G.},
	title         = {{Large-scale redshift space distortions in modified
	gravity theories}},
	journal       = {Mon. Not. Roy. Astron. Soc.},
	volume        = {485},
	year          = {2019},
	number        = {2},
	pages         = {2194-2213},
	doi           = {10.1093/mnras/stz516},
	eprint        = {1811.09197},
	archiveprefix = {arXiv},
	primaryclass  = {astro-ph.CO},
	slaccitation  = {%%CITATION = ARXIV:1811.09197;%%}
}
@article{FrenkWhite2012,
	author        = {{Frenk}, C.~S. and {White}, S.~D.~M.},
	title         = {{Dark matter and cosmic structure}},
	journal       = {Annalen der Physik},
	archiveprefix = {arXiv},
	eprint        = {1210.0544},
	primaryclass  = {astro-ph.CO},
	year          = 2012,
	month         = oct,
	volume        = 524,
	pages         = {507-534},
	doi           = {10.1002/andp.201200212},
	adsurl        = {http://adsabs.harvard.edu/abs/2012AnP...524..507F},
	adsnote       = {Provided by the SAO/NASA Astrophysics Data System}
}
@article{Firmani+2000,
	author   = {{Firmani}, C. and {Avila-Reese}, V.},
	title    = {{Disc galaxy evolution models in a hierarchical formation scenario: structure and dynamics}},
	journal  = {\mnras},
	eprint   = {astro-ph/0001219},
	keywords = {GALAXIES: EVOLUTION, GALAXIES: FORMATION, GALAXIES: HALOES, GALAXIES: KINEMATICS AND DYNAMICS, COSMOLOGY: THEORY, DARK MATTER},
	year     = 2000,
	month    = jul,
	volume   = 315,
	pages    = {457-472},
	doi      = {10.1046/j.1365-8711.2000.03338.x},
	adsurl   = {http://adsabs.harvard.edu/abs/2000MNRAS.315..457F},
	adsnote  = {Provided by the SAO/NASA Astrophysics Data System}
}
@article{Mo+1998,
	author   = {{Mo}, H.~J. and {Mao}, S. and {White}, S.~D.~M.},
	title    = {{The formation of galactic discs}},
	journal  = {\mnras},
	eprint   = {astro-ph/9707093},
	keywords = {GALAXIES: FORMATION, GALAXIES: SPIRAL, GALAXIES: STRUCTURE, COSMOLOGY: THEORY, DARK MATTER},
	year     = 1998,
	month    = apr,
	volume   = 295,
	pages    = {319-336},
	doi      = {10.1046/j.1365-8711.1998.01227.x},
	adsurl   = {http://adsabs.harvard.edu/abs/1998MNRAS.295..319M},
	adsnote  = {Provided by the SAO/NASA Astrophysics Data System}
}
@article{Vikhlinin+2009,
	author        = {{Vikhlinin}, A. and {Kravtsov}, A.~V. and {Burenin}, R.~A. and 
	{Ebeling}, H. and {Forman}, W.~R. and {Hornstrup}, A. and {Jones}, C. and 
	{Murray}, S.~S. and {Nagai}, D. and {Quintana}, H. and {Voevodkin}, A.
	},
	title         = {{Chandra Cluster Cosmology Project III: Cosmological Parameter Constraints}},
	journal       = {\apj},
	archiveprefix = {arXiv},
	eprint        = {0812.2720},
	keywords      = {cosmological parameters, cosmology: observations, galaxies: clusters: general, dark matter, surveys},
	year          = 2009,
	month         = feb,
	volume        = 692,
	pages         = {1060-1074},
	doi           = {10.1088/0004-637X/692/2/1060},
	adsurl        = {http://adsabs.harvard.edu/abs/2009ApJ...692.1060V},
	adsnote       = {Provided by the SAO/NASA Astrophysics Data System}
}
@article{Yang+2003,
	author   = {{Yang}, X. and {Mo}, H.~J. and {van den Bosch}, F.~C.},
	title    = {{Constraining galaxy formation and cosmology with the conditional luminosity function of galaxies}},
	journal  = {\mnras},
	eprint   = {astro-ph/0207019},
	keywords = {galaxies: clusters: general, galaxies: formation, cosmology: theory, dark matter, large-scale structure of Universe},
	year     = 2003,
	month    = mar,
	volume   = 339,
	pages    = {1057-1080},
	doi      = {10.1046/j.1365-8711.2003.06254.x},
	adsurl   = {http://adsabs.harvard.edu/abs/2003MNRAS.339.1057Y},
	adsnote  = {Provided by the SAO/NASA Astrophysics Data System}
}
@article{Yang+2007,
	author        = {{Yang}, X. and {Mo}, H.~J. and {van den Bosch}, F.~C. and {Pasquali}, A. and 
	{Li}, C. and {Barden}, M.},
	title         = {{Galaxy Groups in the SDSS DR4. I. The Catalog and Basic Properties}},
	journal       = {\apj},
	archiveprefix = {arXiv},
	eprint        = {0707.4640},
	keywords      = {Cosmology: Dark Matter, Galaxies: Halos, Cosmology: Large-Scale Structure of Universe, Methods: Statistical},
	year          = 2007,
	month         = dec,
	volume        = 671,
	pages         = {153-170},
	doi           = {10.1086/522027},
	adsurl        = {http://adsabs.harvard.edu/abs/2007ApJ...671..153Y},
	adsnote       = {Provided by the SAO/NASA Astrophysics Data System}
}
@article{Li_Efstathiou_2012,
	author        = {{Li}, B. and {Efstathiou}, G.},
	title         = {{An extended excursion set approach to structure formation in chameleon models}},
	journal       = {\mnras},
	archiveprefix = {arXiv},
	eprint        = {1110.6440},
	primaryclass  = {astro-ph.CO},
	keywords      = {methods: analytical, cosmology: theory, dark energy, large-scale structure of Universe},
	year          = 2012,
	month         = apr,
	volume        = 421,
	pages         = {1431-1442},
	doi           = {10.1111/j.1365-2966.2011.20404.x},
	adsurl        = {http://adsabs.harvard.edu/abs/2012MNRAS.421.1431L},
	adsnote       = {Provided by the SAO/NASA Astrophysics Data System}
}
@article{Hui+2009,
	author        = {{Hui}, L. and {Nicolis}, A. and {Stubbs}, C.~W.},
	title         = {{Equivalence principle implications of modified gravity models}},
	journal       = {\prd},
	archiveprefix = {arXiv},
	eprint        = {0905.2966},
	primaryclass  = {astro-ph.CO},
	keywords      = {Higher-dimensional gravity and other theories of gravity, Experimental tests of gravitational theories, Dark matter, Particle-theory and field-theory models of the early Universe},
	year          = 2009,
	month         = nov,
	volume        = 80,
	number        = 10,
	eid           = {104002},
	pages         = {104002},
	doi           = {10.1103/PhysRevD.80.104002},
	adsurl        = {http://adsabs.harvard.edu/abs/2009PhRvD..80j4002H},
	adsnote       = {Provided by the SAO/NASA Astrophysics Data System}
}
@article{Arnold:2018nmv,
	author        = {Arnold, Christian and Fosalba, Pablo and Springel, Volker
	and Puchwein, Ewald and Blot, Linda},
	title         = {{The modified gravity lightcone simulation project I:
	Statistics of matter and halo distributions}},
	doi           = {10.1093/mnras/sty3044},
	year          = {2018},
	eprint        = {1805.09824},
	archiveprefix = {arXiv},
	primaryclass  = {astro-ph.CO},
	slaccitation  = {%%CITATION = ARXIV:1805.09824;%%}
}
@article{Barreira:2016ovx,
	author        = {Barreira, Alexandre and Sánchez, Ariel G. and Schmidt,
	Fabian},
	title         = {{Validating estimates of the growth rate of structure
	with modified gravity simulations}},
	journal       = {Phys. Rev.},
	volume        = {D94},
	year          = {2016},
	number        = {8},
	pages         = {084022},
	doi           = {10.1103/PhysRevD.94.084022},
	eprint        = {1605.03965},
	archiveprefix = {arXiv},
	primaryclass  = {astro-ph.CO},
	slaccitation  = {%%CITATION = ARXIV:1605.03965;%%}
}
@article{Cataneo:2014kaa,
	author        = {Cataneo, Matteo and Rapetti, David and Schmidt, Fabian
	and Mantz, Adam B. and Allen, Steven W. and Applegate,
	Douglas E. and Kelly, Patrick L. and von der Linden, Anja
	and Morris, R. Glenn},
	title         = {{New constraints on $f(R)$ gravity from clusters of
	galaxies}},
	journal       = {Phys. Rev.},
	volume        = {D92},
	year          = {2015},
	number        = {4},
	pages         = {044009},
	doi           = {10.1103/PhysRevD.92.044009},
	eprint        = {1412.0133},
	archiveprefix = {arXiv},
	primaryclass  = {astro-ph.CO},
	slaccitation  = {%%CITATION = ARXIV:1412.0133;%%}
}
@article{Shirasaki2015,
	author        = {{Shirasaki}, Masato and {Hamana}, Takashi and {Yoshida}, Naoki},
	title         = {{Probing cosmology with weak lensing selected clusters - I. Halo approach
	and all-sky simulations}},
	journal       = {\mnras},
	keywords      = {gravitational lensing: weak, cosmological parameters, cosmology: theory,
	large-scale structure of universe, Astrophysics - Cosmology and
	Nongalactic Astrophysics},
	year          = 2015,
	month         = Nov,
	volume        = {453},
	pages         = {3043-3067},
	doi           = {10.1093/mnras/stv1854},
	archiveprefix = {arXiv},
	eprint        = {1504.05672},
	primaryclass  = {astro-ph.CO},
	adsnote       = {Provided by the SAO/NASA Astrophysics Data System}
}
@article{Collett+2018,
	author        = {{Collett}, T.~E. and {Oldham}, L.~J. and {Smith}, R.~J. and 
	{Auger}, M.~W. and {Westfall}, K.~B. and {Bacon}, D. and {Nichol}, R.~C. and 
	{Masters}, K.~L. and {Koyama}, K. and {van den Bosch}, R.},
	title         = {{A precise extragalactic test of General Relativity}},
	journal       = {Science},
	archiveprefix = {arXiv},
	eprint        = {1806.08300},
	year          = 2018,
	month         = jun,
	volume        = 360,
	pages         = {1342-1346},
	doi           = {10.1126/science.aao2469},
	adsurl        = {http://adsabs.harvard.edu/abs/2018Sci...360.1342C},
	adsnote       = {Provided by the SAO/NASA Astrophysics Data System}
}
@article{Behroozi2013b,
	author        = {{Behroozi}, P.~S. and {Wechsler}, R.~H. and {Conroy}, C.},
	title         = {{The Average Star Formation Histories of Galaxies in Dark Matter Halos from z = 0-8}},
	journal       = {\apj},
	archiveprefix = {arXiv},
	eprint        = {1207.6105},
	primaryclass  = {astro-ph.CO},
	keywords      = {dark matter, galaxies: abundances, galaxies: evolution, methods: numerical},
	year          = 2013,
	month         = jun,
	volume        = 770,
	eid           = {57},
	pages         = {57},
	doi           = {10.1088/0004-637X/770/1/57},
	adsurl        = {http://adsabs.harvard.edu/abs/2013ApJ...770...57B},
	adsnote       = {Provided by the SAO/NASA Astrophysics Data System}
}
@article{Rodriguez+2016b,
	author        = {{Rodr{\'{\i}}guez-Puebla}, A. and {Primack}, J.~R. and {Behroozi}, P. and 
	{Faber}, S.~M.},
	title         = {{Is main-sequence galaxy star formation controlled by halo mass accretion?}},
	journal       = {\mnras},
	archiveprefix = {arXiv},
	eprint        = {1508.04842},
	keywords      = {galaxies: evolution, galaxies: haloes, galaxies: luminosity function, mass function, galaxies: star formation, cosmology: theory},
	year          = 2016,
	month         = jan,
	volume        = 455,
	pages         = {2592-2606},
	doi           = {10.1093/mnras/stv2513},
	adsurl        = {http://adsabs.harvard.edu/abs/2016MNRAS.455.2592R},
	adsnote       = {Provided by the SAO/NASA Astrophysics Data System}
}
@article{Rodriguez-Puebla+2017,
	author        = {{Rodr{\'{\i}}guez-Puebla}, A. and {Primack}, J.~R. and {Avila-Reese}, V. and 
	{Faber}, S.~M.},
	title         = {{Constraining the galaxy-halo connection over the last 13.3 Gyr: star formation histories, galaxy mergers and structural properties}},
	journal       = {\mnras},
	archiveprefix = {arXiv},
	eprint        = {1703.04542},
	keywords      = {galaxies: evolution, galaxies: haloes, galaxies: luminosity function, mass function, galaxies: star formation, cosmology: theory, mass function - galaxies: star formation},
	year          = 2017,
	month         = sep,
	volume        = 470,
	pages         = {651-687},
	doi           = {10.1093/mnras/stx1172},
	adsurl        = {http://adsabs.harvard.edu/abs/2017MNRAS.470..651R},
	adsnote       = {Provided by the SAO/NASA Astrophysics Data System}
}
@article{Wechsler+2018ARA&A,
	author        = {{Wechsler}, R.~H. and {Tinker}, J.~L.},
	title         = {{The Connection Between Galaxies and Their Dark Matter Halos}},
	journal       = {\araa},
	archiveprefix = {arXiv},
	eprint        = {1804.03097},
	year          = 2018,
	month         = sep,
	volume        = 56,
	pages         = {435-487},
	doi           = {10.1146/annurev-astro-081817-051756},
	adsurl        = {http://adsabs.harvard.edu/abs/2018ARA%26A..56..435W},
	adsnote       = {Provided by the SAO/NASA Astrophysics Data System}
}
@article{Behroozi+2018,
	author        = {{Behroozi}, P. and {Wechsler}, R. and {Hearin}, A. and {Conroy}, C.
	},
	title         = {{UniverseMachine: The Correlation between Galaxy Growth and Dark Matter Halo Assembly from z=0-10}},
	journal       = {ArXiv e-prints},
	archiveprefix = {arXiv},
	eprint        = {1806.07893},
	keywords      = {Astrophysics - Astrophysics of Galaxies},
	year          = 2018,
	month         = jun,
	adsurl        = {http://adsabs.harvard.edu/abs/2018arXiv180607893B},
	adsnote       = {Provided by the SAO/NASA Astrophysics Data System}
}
@article{Schaye+2015,
	author        = {{Schaye}, J. and {Crain}, R.~A. and {Bower}, R.~G. and {Furlong}, M. and 
	{Schaller}, M. and {Theuns}, T. and {Dalla Vecchia}, C. and 
	{Frenk}, C.~S. and {McCarthy}, I.~G. and {Helly}, J.~C. and 
	{Jenkins}, A. and {Rosas-Guevara}, Y.~M. and {White}, S.~D.~M. and 
	{Baes}, M. and {Booth}, C.~M. and {Camps}, P. and {Navarro}, J.~F. and 
	{Qu}, Y. and {Rahmati}, A. and {Sawala}, T. and {Thomas}, P.~A. and 
	{Trayford}, J.},
	title         = {{The EAGLE project: simulating the evolution and assembly of galaxies and their environments}},
	journal       = {\mnras},
	archiveprefix = {arXiv},
	eprint        = {1407.7040},
	keywords      = {methods: numerical, galaxies: evolution, galaxies: formation, cosmology: theory},
	year          = 2015,
	month         = jan,
	volume        = 446,
	pages         = {521-554},
	doi           = {10.1093/mnras/stu2058},
	adsurl        = {http://adsabs.harvard.edu/abs/2015MNRAS.446..521S},
	adsnote       = {Provided by the SAO/NASA Astrophysics Data System}
}
@article{Vogelsberger+2014,
	author        = {{Vogelsberger}, M. and {Genel}, S. and {Springel}, V. and {Torrey}, P. and 
	{Sijacki}, D. and {Xu}, D. and {Snyder}, G. and {Bird}, S. and 
	{Nelson}, D. and {Hernquist}, L.},
	title         = {{Properties of galaxies reproduced by a hydrodynamic simulation}},
	journal       = {\nat},
	archiveprefix = {arXiv},
	eprint        = {1405.1418},
	year          = 2014,
	month         = may,
	volume        = 509,
	pages         = {177-182},
	doi           = {10.1038/nature13316},
	adsurl        = {http://adsabs.harvard.edu/abs/2014Natur.509..177V},
	adsnote       = {Provided by the SAO/NASA Astrophysics Data System}
}
@article{Somerville+2015,
	author        = {{Somerville}, R.~S. and {Dav{\'e}}, R.},
	title         = {{Physical Models of Galaxy Formation in a Cosmological Framework}},
	journal       = {\araa},
	archiveprefix = {arXiv},
	eprint        = {1412.2712},
	year          = 2015,
	month         = aug,
	volume        = 53,
	pages         = {51-113},
	doi           = {10.1146/annurev-astro-082812-140951},
	adsurl        = {http://adsabs.harvard.edu/abs/2015ARA%26A..53...51S},
	adsnote       = {Provided by the SAO/NASA Astrophysics Data System}
}
@article{Baugh+2006,
	author  = {{Baugh}, C.~M.},
	title   = {{A primer on hierarchical galaxy formation: the semi-analytical approach}},
	journal = {Reports on Progress in Physics},
	eprint  = {astro-ph/0610031},
	year    = 2006,
	month   = dec,
	volume  = 69,
	pages   = {3101-3156},
	doi     = {10.1088/0034-4885/69/12/R02},
	adsurl  = {http://adsabs.harvard.edu/abs/2006RPPh...69.3101B},
	adsnote = {Provided by the SAO/NASA Astrophysics Data System}
} 
@article{Riess+2018f,
	author        = {{Riess}, A.~G. and {Casertano}, S. and {Kenworthy}, D. and {Scolnic}, D. and 
	{Macri}, L.},
	title         = {{Seven Problems with the Claims Related to the Hubble Tension in arXiv:1810.02595}},
	journal       = {ArXiv e-prints},
	archiveprefix = {arXiv},
	eprint        = {1810.03526},
	keywords      = {Astrophysics - Cosmology and Nongalactic Astrophysics, Astrophysics - Astrophysics of Galaxies},
	year          = 2018,
	month         = oct,
	adsurl        = {http://adsabs.harvard.edu/abs/2018arXiv181003526R},
	adsnote       = {Provided by the SAO/NASA Astrophysics Data System}
}
@article{Shanks+2018,
	author        = {{Shanks}, T. and {Hogarth}, L. and {Metcalfe}, N.},
	title         = {{GAIA Cepheid parallaxes and 'Local Hole' relieve $H\_0$ tension}},
	journal       = {ArXiv e-prints},
	archiveprefix = {arXiv},
	eprint        = {1810.02595},
	keywords      = {Astrophysics - Cosmology and Nongalactic Astrophysics, Astrophysics - Astrophysics of Galaxies},
	year          = 2018,
	month         = oct,
	adsurl        = {http://adsabs.harvard.edu/abs/2018arXiv181002595S},
	adsnote       = {Provided by the SAO/NASA Astrophysics Data System}
}
@article{Carroll2001,
	author   = {{Carroll}, S.~M.},
	title    = {{The Cosmological Constant}},
	journal  = {Living Reviews in Relativity},
	eprint   = {astro-ph/0004075},
	keywords = {cosmology, cosmological constant, vacuum energy},
	year     = 2001,
	month    = feb,
	volume   = 4,
	eid      = {1},
	pages    = {1},
	doi      = {10.12942/lrr-2001-1},
	adsurl   = {http://adsabs.harvard.edu/abs/2001LRR.....4....1C},
	adsnote  = {Provided by the SAO/NASA Astrophysics Data System}
}
@article{Ratra+1988,
	author   = {{Ratra}, B. and {Peebles}, P.~J.~E.},
	title    = {{Cosmological consequences of a rolling homogeneous scalar field}},
	journal  = {\prd},
	keywords = {Origin and formation of the Universe, Lagrangian and Hamiltonian approach},
	year     = 1988,
	month    = jun,
	volume   = 37,
	pages    = {3406-3427},
	doi      = {10.1103/PhysRevD.37.3406},
	adsurl   = {http://adsabs.harvard.edu/abs/1988PhRvD..37.3406R},
	adsnote  = {Provided by the SAO/NASA Astrophysics Data System}
}
@article{Freedman:2017yms,
	author        = {Freedman, Wendy L.},
	title         = {{Cosmology at a Crossroads}},
	journal       = {Nat. Astron.},
	volume        = {1},
	year          = {2017},
	pages         = {0121},
	doi           = {10.1038/s41550-017-0121},
	eprint        = {1706.02739},
	archiveprefix = {arXiv},
	primaryclass  = {astro-ph.CO},
	slaccitation  = {%%CITATION = ARXIV:1706.02739;%%}
}
@article{Beaton:2016nsw,
	author        = {Beaton, Rachael L. and others},
	title         = {{The Carnegie-Chicago Hubble Program. I. An Independent
	Approach to the Extragalactic Distance Scale Using only
	Population II Distance Indicators}},
	journal       = {Astrophys. J.},
	volume        = {832},
	year          = {2016},
	number        = {2},
	pages         = {210},
	doi           = {10.3847/0004-637X/832/2/210},
	eprint        = {1604.01788},
	archiveprefix = {arXiv},
	primaryclass  = {astro-ph.CO},
	slaccitation  = {%%CITATION = ARXIV:1604.01788;%%}
}
@article{Riess:2018byc,
	author        = {Riess, Adam G. and others},
	title         = {{Milky Way Cepheid Standards for Measuring Cosmic
	Distances and Application to Gaia DR2: Implications for
	the Hubble Constant}},
	journal       = {Astrophys. J.},
	volume        = {861},
	year          = {2018},
	number        = {2},
	pages         = {126},
	doi           = {10.3847/1538-4357/aac82e},
	eprint        = {1804.10655},
	archiveprefix = {arXiv},
	primaryclass  = {astro-ph.CO},
	slaccitation  = {%%CITATION = ARXIV:1804.10655;%%}
}
@article{He:2016uxb,
	author        = {He, Jian-Hue and Li, Baojiu and Baugh, Carlton M.},
	title         = {{Subhalo abundance matching in $f(R)$ gravity}},
	journal       = {Phys. Rev. Lett.},
	volume        = {117},
	year          = {2016},
	number        = {22},
	pages         = {221101},
	doi           = {10.1103/PhysRevLett.117.221101},
	eprint        = {1605.04709},
	archiveprefix = {arXiv},
	primaryclass  = {astro-ph.CO},
	slaccitation  = {%%CITATION = ARXIV:1605.04709;%%}
}
@article{Hernandez-Aguayo:2018oxg,
	author        = {Hernández-Aguayo, César and Hou, Jiamin and Li, Baojiu
	and Baugh, Carlton M. and Sánchez, Ariel G.},
	title         = {{Large-scale redshift space distortions in modified
	gravity theories}},
	year          = {2018},
	eprint        = {1811.09197},
	archiveprefix = {arXiv},
	primaryclass  = {astro-ph.CO},
	slaccitation  = {%%CITATION = ARXIV:1811.09197;%%}
}
@article{Kravtsov+2004,
	author   = {{Kravtsov}, A.~V. and {Berlind}, A.~A. and {Wechsler}, R.~H. and 
	{Klypin}, A.~A. and {Gottl{\"o}ber}, S. and {Allgood}, B. and 
	{Primack}, J.~R.},
	title    = {{The Dark Side of the Halo Occupation Distribution}},
	journal  = {\apj},
	eprint   = {astro-ph/0308519},
	keywords = {Cosmology: Theory, Galaxies: Formation, Galaxies: Halos, Cosmology: Large-Scale Structure of Universe, Methods: Numerical},
	year     = 2004,
	month    = jul,
	volume   = 609,
	pages    = {35-49},
	doi      = {10.1086/420959},
	adsurl   = {http://adsabs.harvard.edu/abs/2004ApJ...609...35K},
	adsnote  = {Provided by the SAO/NASA Astrophysics Data System}
}
@article{Bernardi2010,
	author        = {{Bernardi}, M. and {Shankar}, F. and {Hyde}, J.~B. and {Mei}, S. and 
	{Marulli}, F. and {Sheth}, R.~K.},
	title         = {{Galaxy luminosities, stellar masses, sizes, velocity dispersions as a function of morphological type}},
	journal       = {\mnras},
	archiveprefix = {arXiv},
	eprint        = {0910.1093},
	keywords      = {galaxies: formation, galaxies: haloes, dark matter, large-scale structure of Universe},
	year          = 2010,
	month         = jun,
	volume        = 404,
	pages         = {2087-2122},
	doi           = {10.1111/j.1365-2966.2010.16425.x},
	adsurl        = {http://adsabs.harvard.edu/abs/2010MNRAS.404.2087B},
	adsnote       = {Provided by the SAO/NASA Astrophysics Data System}
}
@article{Blanton2005,
	author   = {{Blanton}, M.~R. and {Lupton}, R.~H. and {Schlegel}, D.~J. and 
	{Strauss}, M.~A. and {Brinkmann}, J. and {Fukugita}, M. and 
	{Loveday}, J.},
	title    = {{The Properties and Luminosity Function of Extremely Low Luminosity Galaxies}},
	journal  = {\apj},
	eprint   = {astro-ph/0410164},
	keywords = {Galaxies: Dwarf, Galaxies: Fundamental Parameters, Galaxies: Luminosity Function, Mass Function, Galaxies: Statistics},
	year     = 2005,
	month    = sep,
	volume   = 631,
	pages    = {208-230},
	doi      = {10.1086/431416},
	adsurl   = {http://adsabs.harvard.edu/abs/2005ApJ...631..208B},
	adsnote  = {Provided by the SAO/NASA Astrophysics Data System}
}
@article{Blanton2005b,
	author   = {{Blanton}, M.~R. and {Schlegel}, D.~J. and {Strauss}, M.~A. and 
	{Brinkmann}, J. and {Finkbeiner}, D. and {Fukugita}, M. and 
	{Gunn}, J.~E. and {Hogg}, D.~W. and {Ivezi{\'c}}, {\v Z}. and 
	{Knapp}, G.~R. and {Lupton}, R.~H. and {Munn}, J.~A. and {Schneider}, D.~P. and 
	{Tegmark}, M. and {Zehavi}, I.},
	title    = {{New York University Value-Added Galaxy Catalog: A Galaxy Catalog Based on New Public Surveys}},
	journal  = {\aj},
	eprint   = {astro-ph/0410166},
	keywords = {Galaxies: Distances and Redshifts, Galaxies: Photometry, Galaxies: Statistics},
	year     = 2005,
	month    = jun,
	volume   = 129,
	pages    = {2562-2578},
	doi      = {10.1086/429803},
	adsurl   = {http://adsabs.harvard.edu/abs/2005AJ....129.2562B},
	adsnote  = {Provided by the SAO/NASA Astrophysics Data System}
}
@article{Bose:2016wms,
	author        = {Bose, Sownak and Li, Baojiu and Barreira, Alexandre and
	He, Jian-hua and Hellwing, Wojciech A. and Koyama, Kazuya
	and Llinares, Claudio and Zhao, Gong-Bo},
	title         = {{Speeding up $N$-body simulations of modified gravity:
	Chameleon screening models}},
	journal       = {JCAP},
	volume        = {1702},
	year          = {2017},
	number        = {02},
	pages         = {050},
	doi           = {10.1088/1475-7516/2017/02/050},
	eprint        = {1611.09375},
	archiveprefix = {arXiv},
	primaryclass  = {astro-ph.CO},
	slaccitation  = {%%CITATION = ARXIV:1611.09375;%%}
}
@article{Barreira:2015xvp,
	author        = {Barreira, Alexandre and Bose, Sownak and Li, Baojiu},
	title         = {{Speeding up N-body simulations of modified gravity:
	Vainshtein screening models}},
	journal       = {JCAP},
	volume        = {1512},
	year          = {2015},
	number        = {12},
	pages         = {059},
	doi           = {10.1088/1475-7516/2015/12/059},
	eprint        = {1511.08200},
	archiveprefix = {arXiv},
	primaryclass  = {astro-ph.CO},
	slaccitation  = {%%CITATION = ARXIV:1511.08200;%%}
}
@article{Brax:2008hh,
	author        = {Brax, Philippe and van de Bruck, Carsten and Davis,
	Anne-Christine and Shaw, Douglas J.},
	title         = {{f(R) Gravity and Chameleon Theories}},
	journal       = {Phys. Rev.},
	volume        = {D78},
	year          = {2008},
	pages         = {104021},
	doi           = {10.1103/PhysRevD.78.104021},
	eprint        = {0806.3415},
	archiveprefix = {arXiv},
	primaryclass  = {astro-ph},
	slaccitation  = {%%CITATION = ARXIV:0806.3415;%%}
}
@article{Babichev:2009ee,
	author        = {Babichev, E. and Deffayet, C. and Ziour, R.},
	title         = {{k-Mouflage gravity}},
	journal       = {Int. J. Mod. Phys.},
	volume        = {D18},
	year          = {2009},
	pages         = {2147-2154},
	doi           = {10.1142/S0218271809016107},
	eprint        = {0905.2943},
	archiveprefix = {arXiv},
	primaryclass  = {hep-th},
	slaccitation  = {%%CITATION = ARXIV:0905.2943;%%}
}
@article{Bryan_and_Norman1998,
	author   = {{Bryan}, G.~L. and {Norman}, M.~L.},
	title    = {{Statistical Properties of X-Ray Clusters: Analytic and Numerical Comparisons}},
	journal  = {\apj},
	eprint   = {astro-ph/9710107},
	keywords = {GALAXIES: CLUSTERS: GENERAL, METHODS: NUMERICAL, X-RAYS: GALAXIES, Galaxies: Clusters: General, Methods: Numerical, X-Rays: Galaxies},
	year     = 1998,
	month    = mar,
	volume   = 495,
	pages    = {80-99},
	doi      = {10.1086/305262},
	adsurl   = {http://adsabs.harvard.edu/abs/1998ApJ...495...80B},
	adsnote  = {Provided by the SAO/NASA Astrophysics Data System}
}
@article{Burrage:2016bwy,
	author        = {Burrage, Clare and Sakstein, Jeremy},
	title         = {{A Compendium of Chameleon Constraints}},
	journal       = {JCAP},
	volume        = {1611},
	year          = {2016},
	number        = {11},
	pages         = {045},
	doi           = {10.1088/1475-7516/2016/11/045},
	eprint        = {1609.01192},
	archiveprefix = {arXiv},
	primaryclass  = {astro-ph.CO},
	slaccitation  = {%%CITATION = ARXIV:1609.01192;%%}
}
@article{Campbell+2017,
	author        = {{Campbell}, D. and {van den Bosch}, F.~C. and {Padmanabhan}, N. and 
	{Mao}, Y.-Y. and {Zentner}, A.~R. and {Lange}, J.~U. and {Jiang}, F. and 
	{Villarreal}, A.},
	title         = {{The galaxy clustering crisis in abundance matching}},
	journal       = {\mnras},
	archiveprefix = {arXiv},
	eprint        = {1705.06347},
	keywords      = {galaxies: evolution, galaxies: haloes},
	year          = 2018,
	month         = jun,
	volume        = 477,
	pages         = {359-383},
	doi           = {10.1093/mnras/sty495},
	adsnote       = {Provided by the SAO/NASA Astrophysics Data System}
}
@article{Capozziello2002,
	author   = {{Capozziello}, S. and {Fang}, L.~Z.},
	title    = {{Curvature Quintessence}},
	journal  = {International Journal of Modern Physics D},
	eprint   = {gr-qc/0201033},
	keywords = {Particle-theory and field-theory models of the early Universe, Exact solutions},
	year     = 2002,
	volume   = 11,
	pages    = {483-491},
	doi      = {10.1142/S0218271802002025},
	adsurl   = {http://adsabs.harvard.edu/abs/2002IJMPD..11..483C},
	adsnote  = {Provided by the SAO/NASA Astrophysics Data System}
}
@article{Chiba+2003,
	author  = {{Chiba}, T.},
	title   = {{1/R gravity and scalar-tensor gravity}},
	journal = {Physics Letters B},
	eprint  = {astro-ph/0307338},
	year    = 2003,
	month   = nov,
	volume  = 575,
	pages   = {1-3},
	doi     = {10.1016/j.physletb.2003.09.033},
	adsurl  = {http://adsabs.harvard.edu/abs/2003PhLB..575....1C},
	adsnote = {Provided by the SAO/NASA Astrophysics Data System}
}
@article{Cognola2008,
	title     = {Class of viable modified $f(R)$ gravities describing inflation and the onset of accelerated expansion},
	author    = {Cognola, G. and Elizalde, E. and Nojiri, S. and Odintsov, S. D. and Sebastiani, L. and Zerbini, S.},
	journal   = {Phys. Rev. D},
	volume    = {77},
	issue     = {4},
	pages     = {046009},
	numpages  = {11},
	year      = {2008},
	month     = {Feb},
	publisher = {American Physical Society},
	doi       = {10.1103/PhysRevD.77.046009}
}
@article{Conroy+2006,
	author   = {{Conroy}, C. and {Wechsler}, R.~H. and {Kravtsov}, A.~V.},
	title    = {{Modeling Luminosity-dependent Galaxy Clustering through Cosmic Time}},
	journal  = {\apj},
	eprint   = {astro-ph/0512234},
	keywords = {Cosmology: Theory, Cosmology: Dark Matter, Galaxies: Clusters: General, Galaxies: Evolution, Galaxies: Halos, Cosmology: Large-Scale Structure of Universe},
	year     = 2006,
	month    = aug,
	volume   = 647,
	pages    = {201-214},
	doi      = {10.1086/503602},
	adsurl   = {http://adsabs.harvard.edu/abs/2006ApJ...647..201C},
	adsnote  = {Provided by the SAO/NASA Astrophysics Data System}
}
@article{Croton+2005,
	author        = {{Croton}, Darren J. and {Farrar}, Glennys R. and {Norberg}, Peder and
	{Colless}, Matthew and {Peacock}, John A. and {Baldry}, I.~K.
	and {Baugh}, C.~M. and {Bland-Hawthorn}, J. and {Bridges}, T.
	and {Cannon}, R. and {Cole}, S. and {Collins}, C. and {Couch},
	W. and {Dalton}, G. and {De Propris}, R. and {Driver}, S.~P. and
	{Efstathiou}, G. and {Ellis}, R.~S. and {Frenk}, C.~S. and
	{Glazebrook}, K. and {Jackson}, C. and {Lahav}, O. and {Lewis},
	I. and {Lumsden}, S. and {Maddox}, S. and {Madgwick}, D. and
	{Peterson}, B.~A. and {Sutherland}, W. and {Taylor}, K.},
	title         = {{The 2dF Galaxy Redshift Survey: luminosity functions by density
	environment and galaxy type}},
	journal       = {\mnras},
	keywords      = {galaxies: luminosity function, mass function, galaxies: statistics,
	large-scale structure of Universe, Astrophysics},
	year          = 2005,
	month         = Jan,
	volume        = {356},
	pages         = {1155-1167},
	doi           = {10.1111/j.1365-2966.2004.08546.x},
	archiveprefix = {arXiv},
	eprint        = {astro-ph/0407537},
	primaryclass  = {astro-ph},
	adsnote       = {Provided by the SAO/NASA Astrophysics Data System}
}
@article{DeFelice:2010aj,
	author        = {De Felice, Antonio and Tsujikawa, Shinji},
	title         = {{f(R) theories}},
	journal       = {Living Rev. Rel.},
	volume        = {13},
	year          = {2010},
	pages         = {3},
	doi           = {10.12942/lrr-2010-3},
	eprint        = {1002.4928},
	archiveprefix = {arXiv},
	primaryclass  = {gr-qc},
	slaccitation  = {%%CITATION = ARXIV:1002.4928;%%}
}
@article{Dolgov+2003,
	author  = {{Dolgov}, A.~D. and {Kawasaki}, M.},
	title   = {{Can modified gravity explain accelerated cosmic expansion?}},
	journal = {Physics Letters B},
	eprint  = {astro-ph/0307285},
	year    = 2003,
	month   = oct,
	volume  = 573,
	pages   = {1-4},
	doi     = {10.1016/j.physletb.2003.08.039},
	adsurl  = {http://adsabs.harvard.edu/abs/2003PhLB..573....1D},
	adsnote = {Provided by the SAO/NASA Astrophysics Data System}
}
@article{Dragomir2018,
	author        = {{Dragomir}, R. and {Rodr{\'{\i}}guez-Puebla}, A. and {Primack}, J.~R. and 
	{Lee}, C.~T.},
	title         = {{Does the galaxy-halo connection vary with environment?}},
	journal       = {\mnras},
	archiveprefix = {arXiv},
	eprint        = {1710.09392},
	keywords      = {methods: numerical, galaxies: haloes, large-scale structure of Universe},
	year          = 2018,
	month         = may,
	volume        = 476,
	pages         = {741-758},
	doi           = {10.1093/mnras/sty283},
	adsurl        = {http://adsabs.harvard.edu/abs/2018MNRAS.476..741D},
	adsnote       = {Provided by the SAO/NASA Astrophysics Data System}
}
@article{Heymans:2013fya,
	author        = {Heymans, Catherine and others},
	title         = {{CFHTLenS tomographic weak lensing cosmological parameter
	constraints: Mitigating the impact of intrinsic galaxy
	alignments}},
	journal       = {Mon. Not. Roy. Astron. Soc.},
	volume        = {432},
	year          = {2013},
	pages         = {2433},
	doi           = {10.1093/mnras/stt601},
	eprint        = {1303.1808},
	archiveprefix = {arXiv},
	primaryclass  = {astro-ph.CO},
	slaccitation  = {%%CITATION = ARXIV:1303.1808;%%}
}
@article{Falck:2015rsa,
	author        = {Falck, Bridget and Koyama, Kazuya and Zhao, Gong-Bo},
	title         = {{Cosmic Web and Environmental Dependence of Screening:
	Vainshtein vs. Chameleon}},
	journal       = {JCAP},
	volume        = {1507},
	year          = {2015},
	number        = {07},
	pages         = {049},
	doi           = {10.1088/1475-7516/2015/07/049},
	eprint        = {1503.06673},
	archiveprefix = {arXiv},
	primaryclass  = {astro-ph.CO},
	slaccitation  = {%%CITATION = ARXIV:1503.06673;%%}
}

@article{Jain+2012,
	author        = {Jain, Bhuvnesh and Vikram, Vinu and Sakstein, Jeremy},
	title         = {{Astrophysical Tests of Modified Gravity: Constraints
	from Distance Indicators in the Nearby Universe}},
	journal       = {Astrophys. J.},
	volume        = {779},
	year          = {2013},
	pages         = {39},
	doi           = {10.1088/0004-637X/779/1/39},
	eprint        = {1204.6044},
	archiveprefix = {arXiv},
	primaryclass  = {astro-ph.CO},
	slaccitation  = {%%CITATION = ARXIV:1204.6044;%%}
}
@article{Khoury:2010xi,
	author        = {Khoury, Justin},
	title         = {{Theories of Dark Energy with Screening Mechanisms}},
	year          = {2010},
	eprint        = {1011.5909},
	archiveprefix = {arXiv},
	primaryclass  = {astro-ph.CO},
	slaccitation  = {%%CITATION = ARXIV:1011.5909;%%}
}
@article{Khoury2004,
	title     = {Chameleon Fields: Awaiting Surprises for Tests of Gravity in Space},
	author    = {Khoury, Justin and Weltman, Amanda},
	journal   = {Phys. Rev. Lett.},
	volume    = {93},
	issue     = {17},
	pages     = {171104},
	numpages  = {4},
	year      = {2004},
	month     = {Oct},
	publisher = {American Physical Society},
	doi       = {10.1103/PhysRevLett.93.171104}
}
@article{Klypin+2016,
	author        = {{Klypin}, A. and {Yepes}, G. and {Gottl{\"o}ber}, S. and {Prada}, F. and 
	{He{\ss}}, S.},
	title         = {{MultiDark simulations: the story of dark matter halo concentrations and density profiles}},
	journal       = {\mnras},
	archiveprefix = {arXiv},
	eprint        = {1411.4001},
	keywords      = {methods: numerical, galaxies: haloes, dark matter},
	year          = 2016,
	month         = apr,
	volume        = 457,
	pages         = {4340-4359},
	doi           = {10.1093/mnras/stw248},
	adsurl        = {http://adsabs.harvard.edu/abs/2016MNRAS.457.4340K},
	adsnote       = {Provided by the SAO/NASA Astrophysics Data System}
}
@article{Linder2009,
	author        = {{Linder}, E.~V.},
	title         = {{Exponential gravity}},
	journal       = {\prd},
	archiveprefix = {arXiv},
	eprint        = {0905.2962},
	primaryclass  = {astro-ph.CO},
	keywords      = {Cosmology},
	year          = 2009,
	month         = dec,
	volume        = 80,
	number        = 12,
	eid           = {123528},
	pages         = {123528},
	doi           = {10.1103/PhysRevD.80.123528},
	adsurl        = {http://adsabs.harvard.edu/abs/2009PhRvD..80l3528L},
	adsnote       = {Provided by the SAO/NASA Astrophysics Data System}
}
@article{Li2013,
	author        = {Li, Baojiu and Zhao, Gong-Bo and Koyama, Kazuya},
	title         = {{Exploring Vainshtein mechanism on adaptively refined
	meshes}},
	journal       = {JCAP},
	volume        = {1305},
	year          = {2013},
	pages         = {023},
	doi           = {10.1088/1475-7516/2013/05/023},
	eprint        = {1303.0008},
	archiveprefix = {arXiv},
	primaryclass  = {astro-ph.CO},
	slaccitation  = {%%CITATION = ARXIV:1303.0008;%%}
}
@article{Macaulay:2013swa,
	author        = {Macaulay, Edward and Wehus, Ingunn Kathrine and Eriksen,
	Hans Kristian},
	title         = {{Lower Growth Rate from Recent Redshift Space Distortion
	Measurements than Expected from Planck}},
	journal       = {Phys. Rev. Lett.},
	volume        = {111},
	year          = {2013},
	number        = {16},
	pages         = {161301},
	doi           = {10.1103/PhysRevLett.111.161301},
	eprint        = {1303.6583},
	archiveprefix = {arXiv},
	primaryclass  = {astro-ph.CO},
	slaccitation  = {%%CITATION = ARXIV:1303.6583;%%}
}
@article{McNaught-Roberts+2015,
	author        = {{McNaught-Roberts}, T. and {Norberg}, P. and {Baugh}, C. and 
	{Lacey}, C. and {Loveday}, J. and {Peacock}, J. and {Baldry}, I. and 
	{Bland-Hawthorn}, J. and {Brough}, S. and {Driver}, S.~P. and 
	{Robotham}, A.~S.~G. and {V{\'a}zquez-Mata}, J.~A.},
	title         = {{Galaxy And Mass Assembly (GAMA): the dependence of the galaxy luminosity function on environment, redshift and colour}},
	journal       = {\mnras},
	archiveprefix = {arXiv},
	eprint        = {1409.4681},
	keywords      = {galaxies: evolution, galaxies: luminosity function, mass function, galaxies: structure},
	year          = 2014,
	month         = dec,
	volume        = 445,
	pages         = {2125-2145},
	doi           = {10.1093/mnras/stu1886},
	adsurl        = {http://adsabs.harvard.edu/abs/2014MNRAS.445.2125M},
	adsnote       = {Provided by the SAO/NASA Astrophysics Data System}
}
@article{Martinelli2009,
	title     = {Cosmological constraints on the Hu-Sawicki modified gravity scenario},
	author    = {Martinelli, Matteo and Melchiorri, Alessandro and Amendola, Luca},
	journal   = {Phys. Rev. D},
	volume    = {79},
	issue     = {12},
	pages     = {123516},
	numpages  = {5},
	year      = {2009},
	month     = {Jun},
	publisher = {American Physical Society},
	doi       = {10.1103/PhysRevD.79.123516}
}
@article{Faraoni+2006,
	title     = {Matter instability in modified gravity},
	author    = {Faraoni, Valerio},
	journal   = {Phys. Rev. D},
	volume    = {74},
	issue     = {10},
	pages     = {104017},
	numpages  = {4},
	year      = {2006},
	month     = {Nov},
	publisher = {American Physical Society},
	doi       = {10.1103/PhysRevD.74.104017}
}
@article{Lombriser:2014dua,
	author        = {Lombriser, Lucas},
	title         = {{Constraining chameleon models with cosmology}},
	journal       = {Annalen Phys.},
	volume        = {526},
	year          = {2014},
	pages         = {259-282},
	doi           = {10.1002/andp.201400058},
	eprint        = {1403.4268},
	archiveprefix = {arXiv},
	primaryclass  = {astro-ph.CO},
	slaccitation  = {%%CITATION = ARXIV:1403.4268;%%}
}
@article{More2012xa,
	author        = {More, Surhud and van den Bosch, Frank and Cacciato,
	Marcello and More, Anupreeta and Mo, Houjun and Yang,
	Xiaohu},
	title         = {{Cosmological Constraints from a Combination of Galaxy
	Clustering \& Lensing -- II. Fisher Matrix Analysis}},
	journal       = {Mon. Not. Roy. Astron. Soc.},
	volume        = {430},
	year          = {2013},
	number        = {2},
	pages         = {747-766},
	doi           = {10.1093/mnras/sts697},
	eprint        = {1207.0004},
	archiveprefix = {arXiv},
	primaryclass  = {astro-ph.CO},
	reportnumber  = {FERMILAB-PUB-12-440-A},
	slaccitation  = {%%CITATION = ARXIV:1207.0004;%%}
}
@article{More2012,
	author        = {More, Surhud and van den Bosch, Frank and Cacciato,
	Marcello and More, Anupreeta and Mo, Houjun and Yang,
	Xiaohu},
	title         = {{The Galaxy-Dark Matter Connection: A Cosmological
	Perspective}},
	booktitle     = {{Proceedings, 7th International Conference on Gravitation
	and Cosmology (ICGC2011): Goa, India, December 14-19,
	2011}},
	journal       = {J. Phys. Conf. Ser.},
	volume        = {484},
	year          = {2014},
	pages         = {012042},
	doi           = {10.1088/1742-6596/484/1/012042},
	eprint        = {1204.0786},
	archiveprefix = {arXiv},
	primaryclass  = {astro-ph.CO},
	slaccitation  = {%%CITATION = ARXIV:1204.0786;%%}
}
@article{Muldrew+2012,
	author        = {{Muldrew}, S.~I. and {Croton}, D.~J. and {Skibba}, R.~A. and 
	{Pearce}, F.~R. and {Ann}, H.~B. and {Baldry}, I.~K. and {Brough}, S. and 
	{Choi}, Y.-Y. and {Conselice}, C.~J. and {Cowan}, N.~B. and 
	{Gallazzi}, A. and {Gray}, M.~E. and {Gr{\"u}tzbauch}, R. and 
	{Li}, I.-H. and {Park}, C. and {Pilipenko}, S.~V. and {Podgorzec}, B.~J. and 
	{Robotham}, A.~S.~G. and {Wilman}, D.~J. and {Yang}, X. and 
	{Zhang}, Y. and {Zibetti}, S.},
	title         = {{Measures of galaxy environment - I. What is 'environment'?}},
	journal       = {\mnras},
	archiveprefix = {arXiv},
	eprint        = {1109.6328},
	keywords      = {methods: numerical, methods: statistical, galaxies: evolution, galaxies: haloes, dark matter, large-scale structure of Universe},
	year          = 2012,
	month         = jan,
	volume        = 419,
	pages         = {2670-2682},
	doi           = {10.1111/j.1365-2966.2011.19922.x},
	adsurl        = {http://adsabs.harvard.edu/abs/2012MNRAS.419.2670M},
	adsnote       = {Provided by the SAO/NASA Astrophysics Data System}
}
@article{Nojiri2003,
	title     = {Modified gravity with negative and positive powers of curvature: Unification of inflation and cosmic acceleration},
	author    = {Nojiri, Shin'ichi and Odintsov, Sergei D.},
	journal   = {Phys. Rev. D},
	volume    = {68},
	issue     = {12},
	pages     = {123512},
	numpages  = {10},
	year      = {2003},
	month     = {Dec},
	publisher = {American Physical Society},
	doi       = {10.1103/PhysRevD.68.123512}
}
@article{NFW1996,
	author   = {{Navarro}, J.~F. and {Frenk}, C.~S. and {White}, S.~D.~M.},
	title    = {{The Structure of Cold Dark Matter Halos}},
	journal  = {\apj},
	eprint   = {astro-ph/9508025},
	keywords = {COSMOLOGY: THEORY, COSMOLOGY: DARK MATTER, GALAXIES: HALOS, METHODS: NUMERICAL},
	year     = 1996,
	month    = may,
	volume   = 462,
	pages    = {563},
	doi      = {10.1086/177173},
	adsurl   = {http://adsabs.harvard.edu/abs/1996ApJ...462..563N},
	adsnote  = {Provided by the SAO/NASA Astrophysics Data System}
}


%================================